2875 4984
271 380 331 437 aso
506 446 511 476 ἱ
624 362 1015 435 nulsToPHntiIs

313 530 414 591 DEM.
436 527 513 599 Quia
527 530 599 589 cutis
612 531 739 589 abscedit
752 531 1006 589 masturbaatibus.

313 611 398 672 NlC.
419 610 666 687 Optimumigitur
689 612 773 669 nobis
799 620 842 669 est
864 630 920 685 pro
945 608 1077 685 presenti
1098 626 1191 671 rerum
1214 613 1304 679 statu,
1328 612 1363 664 ut

211 706 216 721 ·
271 693 417 767 supplices
431 692 588 749 occidamus
601 693 637 749 ad
651 691 773 765 cujusvis
787 693 898 767 signum
912 692 968 749 dei.

307 772 413 831 xDEM.
434 771 589 847 Signum?
603 772 828 847 qualesignum?
851 771 1051 849 Quaesoenim,
1066 766 1362 847 putarueessedeos?
1409 820 1410 825 ,

313 852 396 912 Nic.
418 853 482 925 Ego
495 854 617 927 quidem.

315 932 415 993 DEM.
437 934 571 1001 Quonam
586 951 653 991 rere
666 932 785 989 edoctus
799 930 990 1005 argumento?

316 1012 400 1071 NlC.
422 1014 496 1081 Quia
509 1015 562 1070 diis
574 1013 679 1070 inrisus
693 1030 752 1068 snm
765 1014 906 1069 immerito
919 1030 994 1069 meo.

303 1092 418 1151 >DEM.
440 1092 537 1151 Facile
550 1113 594 1151 me
606 1095 722 1150 adducis
734 1094 762 1148 in
778 1101 854 1150 tuam
868 1094 1046 1150 senitentiam.

315 1173 345 1233 N
350 1172 398 1231 lc.
420 1174 474 1231 Sed
486 1176 667 1249 dispiciamus
679 1174 762 1229 aliam
777 1174 927 1231 rationem.

316 1254 416 1312 DEM.
440 1254 506 1312 Vin’
523 1264 554 1312 nt
568 1274 625 1312 rem
640 1272 752 1311 omnem
765 1253 974 1327 spectatoribus
988 1248 1138 1310 enarrem?

316 1334 400 1392 NlC.
423 1334 491 1393 Non
506 1338 556 1392 abs
571 1335 721 1391 reinerii:
735 1336 784 1390 sed
798 1351 883 1389 unum
897 1333 1009 1390 hoeeos
1023 1348 1166 1407 rogemus,
1177 1328 1363 1389 manifestum

276 1421 310 1475 nt
323 1417 405 1471 nobis
418 1418 499 1472 cultu
512 1415 630 1484 iaciant,
645 1434 681 1474 an
696 1414 872 1471 sermonibus
886 1412 990 1471 nostris
1003 1420 1032 1469 ct
1045 1414 1128 1469 rebus
1140 1412 1332 1469 delectentur.

317 1494 417 1552 Dent.
437 1494 503 1553 Jam
516 1498 644 1567 eloquar.
666 1494 695 1552 N
698 1496 759 1551 obis
773 1501 816 1551 est
829 1495 911 1551 herus
923 1494 990 1551 feris
1003 1494 1141 1566 moribus,
1153 1492 1234 1549 fabas
1244 1493 1363 1558 esitans,

278 1579 455 1643 cerebrosus,
468 1574 579 1633 Damas
604 1575 769 1651 Pnycensis,
784 1593 910 1633 morosus
933 1575 1084 1647 seniculus,
1104 1573 1256 1631 surdaster.
1301 1568 1363 1626 Iste

278 1659 428 1729 superiore
442 1657 590 1712 novilunio
604 1660 807 1724 contemtum,
831 1656 981 1711 coriarium
1004 1652 1226 1737 Paphlagopem,
1241 1651 1362 1709 iaserri-

278 1754 369 1809 mum,
383 1737 613 1793 calumniatorem
629 1737 787 1808 pessimam.
818 1735 882 1807 Ille,
900 1741 1049 1809 perspecto
1072 1734 1146 1791 senis
1168 1735 1295 1807 ingenio,
1312 1748 1362 1787 co·

278 1816 380 1873 riarius
394 1814 551 1888 Paphlago,
568 1817 643 1872 canis
656 1817 686 1871 in
699 1816 814 1872 modum
827 1815 898 1871 hero
912 1835 940 1873 se
953 1816 1131 1887 submittens,
1146 1814 1281 1887 blandiri,
1296 1829 1364 1884 sup-

279 1897 400 1970 palpari,
413 1897 519 1952 adulari
533 1898 631 1969 coepit,
645 1914 766 1967 eumque
780 1897 920 1970 decipere,
935 1896 1039 1952 oblatis
1053 1894 1286 1969 praesagminibus
1312 1909 1364 1947 co·

279 1977 388 2035 riorum
403 1976 528 2046 minutis,
543 1977 603 2033 haec
615 1977 731 2033 dicens:
754 1972 898 2048 ODtme,
914 1980 927 2032 ἰ
939 1976 1079 2046 lavatam,
1094 1979 1148 2032 abi
1164 1979 1254 2051 prius
1274 1978 1363 2029 naam

279 2057 362 2114 litem
384 2057 611 2131 dip'adicavcrir:
632 2076 712 2113 same
735 2057 838 2129 offam,
861 2058 959 2127 serbe,
972 2057 1071 2128 jacta,
1085 2074 1157 2133 cape
1181 2053 1363 2112 triobolum:

279 2141 343 2194 ‘cta’
357 2146 392 2193 at
405 2129 519 2194 coeaam'
530 2141 588 2193 tibi
599 2136 806 2213 anteponam?
827 2134 937 2193 Deinde
955 2138 1098 2209 abripiens
1108 2136 1302 2208 quodcunque
1311 2150 1364 2187 no-

279 2217 370 2274 strdm
393 2220 531 2288 quispiam
556 2219 709 2288 paraverit,
735 2217 805 2272 hero
827 2217 897 2272 illud
919 2218 1037 2289 largitur
1060 2215 1217 2291 Paphlago.
1260 2213 1366 2285 Nuper

279 2297 363 2354 etiarn
379 2316 463 2369 quum
479 2297 504 2351 ei
518 2315 622 2352 mazam
637 2298 799 2368 pinsuissern
813 2297 841 2351 in
855 2295 929 2372 Pylo
942 2294 1125 2369 Laeanicam,
1136 2297 1290 2353 vaferrimo
1303 2311 1366 2350 nes-

282 2376 329 2432 cio
342 2394 401 2448 quo
414 2395 458 2431 me
471 2377 557 2431 modo
572 2378 766 2447 circumvenit,
790 2385 1002 2449 correptamque
1024 2378 1099 2449 ipsus
1123 2377 1259 2451 adposuit
1281 2376 1364 2443 hero,

281 2474 364 2528 quam
379 2475 432 2529 ego
444 2455 615 2527 pinsueram.
665 2454 728 2513 Nos
740 2461 834 2513 autem
848 2458 947 2531 abigit,
963 2476 1014 2513 nec
1028 2457 1094 2512 sinit
1118 2466 1151 2513 ut
1170 2458 1271 2515 herum
1297 2458 1368 2512 alius

282 2538 378 2593 colat:
401 2537 448 2593 sed
463 2538 620 2593 coriaceum
635 2536 777 2593 flabellum
791 2542 900 2611 tenens,
916 2538 1040 2594 eoeaanti
1054 2539 1147 2593 adstat
1159 2538 1242 2611 hero,
1258 2544 1289 2595 et
1303 2538 1365 2593 rhe-

281 2622 360 2673 toras
374 2609 452 2673 arcet
463 2636 472 2687 ;
494 2617 627 2689 canitque
650 2620 783 2673 oracula:
805 2617 870 2673 inde
891 2636 976 2675 senex
994 2616 1130 2675 intentam
1151 2617 1268 2695 Sibyllis
1282 2619 1367 2675 hahet

282 2704 402 2753 mentem
416 2717 424 2753 τ
447 2698 494 2753 ille
507 2702 576 2753 r'ero
590 2699 637 2755 ubi
651 2716 715 2766 eum
731 2698 805 2754 ridet
817 2697 912 2755 studio
923 2698 983 2773 jam
997 2699 1154 2771 stupidum,
1169 2694 1244 2772 opus
1264 2700 1365 2772 adgrc.

282 2777 366 2834 ditur.
409 2776 482 2836 Nam
495 2778 645 2834 familiares
659 2785 759 2850 aperte
771 2778 848 2833 salsis
861 2778 1027 2835 criminibus
1040 2786 1174 2835 accusat:
1198 2779 1302 2836 deinde
1317 2780 1367 2835 fla.

282 2860 338 2930 gris
355 2860 488 2913 credimur
501 2876 563 2914 nos.
606 2856 672 2931 Ipse
684 2877 753 2915 vero
767 2856 913 2932 Paphlago
926 2860 1152 2916 circumcursitat
1164 2860 1302 2929 famulos,
1318 2877 1366 2932 pe-

283 2937 331 3011 tit,
346 2940 456 3010 turbat,
469 2956 587 2994 munera
599 2945 707 3010 captat,
724 2940 783 2995 haec
798 2938 913 2995 dicens:
940 2936 1061 3011 Videtis,
1075 2946 1109 2996 at
1122 2937 1221 3015 Hylas
1241 2948 1368 3017 propter

283 3036 329 3074 me
333 3020 447 3090 flagris
460 3017 610 3075 caditur?
631 3021 691 3074 atat
703 3037 747 3073 me
757 3018 962 3093 placaveritis,
978 3019 1068 3075 hodie
1081 3022 1258 3077 moriemini.
1303 3019 1368 3077 Nos

282 3115 352 3153 vero
368 3098 408 3151 illi
426 3098 544 3155 damas:
568 3098 611 3153 sia
633 3099 726 3171 aliter,
741 3101 900 3155 conculcati
922 3120 939 3157 a
963 3117 1027 3156 sene
1051 3101 1200 3174 octuplum
1224 3117 1366 3156 cacamus.

283 3174 374 3234 Nune
386 3176 483 3249 itaque
494 3178 642 3251 diligenter
663 3179 878 3253 consideremus,
895 3179 921 3259 ὃι
933 3181 1020 3253 boue,
1034 3198 1186 3252 quamnam
1205 3181 1279 3238 riam
1301 3179 1370 3239 insi.

283 3261 368 3327 utere,
384 3258 461 3313 etad
475 3275 621 3328 quemnam
634 3276 687 3314 nos
700 3266 865 3317 convertere
876 3261 1035 3317 debeamus.

325 3334 354 3392 N
359 3333 410 3392 le.
432 3336 551 3410 Optima
563 3338 661 3413 luerit,
678 3339 695 3394 6
711 3342 797 3410 bone,
813 3341 867 3413 ria,
883 3359 967 3412 quam
980 3340 1050 3413 dixi,
1068 3340 1128 3415 ille,
1138 3342 1315 3417 fugiamus.

326 3412 426 3473 DnM.
447 3417 500 3475 sed
517 3418 585 3474 nihil
600 3420 672 3475 clam
685 3418 870 3493 Paphlagone
883 3420 943 3479 fieri
958 3428 1072 3495 potest:
1095 3439 1159 3480 nam
1174 3424 1293 3495 ipsemet
1306 3440 1370 3480 orn.

284 3496 334 3554 nia
346 3496 496 3569 inspectat.
538 3498 634 3555 Habet
646 3501 721 3557 enim
735 3518 799 3557 crus
813 3502 930 3558 alterum
945 3502 974 3557 iu
998 3500 1083 3579 Pylo,
1098 3503 1226 3575 alterum,
1243 3503 1274 3558 in
1299 3521 1369 3559 con·

284 3579 376 3634 eione.
400 3576 539 3637 Cruribus
553 3582 646 3651 itaque
658 3580 717 3654 ejus
731 3586 812 3637 tanto
827 3581 974 3638 intervallo
987 3582 1158 3657 divaricatis,
1172 3584 1254 3640 culus
1268 3601 1370 3656 reapse

284 3665 328 3714 est
343 3658 373 3713 in
388 3656 532 3717 Htantta:
551 3679 650 3718 manus
664 3670 786 3735 utraque
798 3659 829 3717 in
842 3660 975 3720 Petilia:
995 3680 1072 3719 mens
1086 3680 1154 3722 vcro
1167 3663 1198 3719 iu
1212 3659 1369 3741 illepidam

172 3805 182 3814 .
283 3738 369 3795 tribu.

326 3817 356 3874 N
360 3817 411 3875 lc.
434 3818 514 3876 Mori
527 3819 623 3890 itaque
637 3821 775 3894 optimum
795 3821 850 3879 erit
870 3823 973 3881 nobis:
996 3824 1045 3881 sed
1065 3823 1129 3881 vide
1153 3828 1187 3881 ut
1209 3822 1367 3883 moriamur

285 3914 367 3969 qnam
380 3900 634 3957 maximeririliter.
1157 3954 1164 3979 ,
1272 3958 1280 3975 ,

327 3976 426 4035 DEM.
446 3979 517 4052 Qui,
532 3979 651 4061 quaeq?
674 3981 723 4052 qui
739 3980 874 4056 possimus
888 4001 972 4055 quarn
986 3984 1108 4042 maxime
1119 3982 1263 4042 viriliter?

329 4054 409 4115 NIC.
433 4058 579 4131 Optimum
601 4066 643 4118 est
665 4062 747 4117 nobis
779 4063 924 4121 taurinum
950 4072 1053 4137 potare
1085 4066 1270 4141 sanguinem:
1302 4074 1369 4127 nam

285 4135 483 4195 Themistoclis
498 4142 583 4197 letum
597 4142 716 4199 maxime
730 4145 918 4215 expetendum
932 4154 984 4201 est.

325 4201 425 4273 DEM.
447 4217 516 4275 Non
528 4222 621 4277 hercle
633 4224 806 4302 sanguinem,
819 4225 867 4284 sed
878 4242 983 4285 merum
993 4224 1069 4287 ani
1080 4224 1168 4290 Geni·
1188 4210 1280 4289 Folle
1291 4224 1368 4287 eniri

279 4299 349 4357 utile
366 4299 434 4374 qnid
447 4302 712 4377 excogitaverimus.
1254 4341 1259 4348 ·
