2875 4984
345 419 348 424 2
461 371 808 441 LYSlSTRA'l'd

123 529 218 593 mbo.
240 531 311 593 Non
325 535 428 609 edepol
440 537 546 608 omnia,
561 531 579 602 ,ὂ
594 538 702 600 insane.
727 526 731 535 ’

124 614 213 682 LYS.
233 613 334 686 Sinite,
347 635 385 674 ne
399 618 542 686 contende
556 619 591 679 de
605 617 755 678 Cruribns.

123 695 219 754 Pon.
239 695 307 755 lam
320 701 406 754 exuta
417 704 495 755 veste
506 699 600 756 nudus
612 719 695 757 arare
707 699 787 756 volo.

124 773 220 834 LEG.
242 777 286 837 At
299 779 348 850 pol
362 795 415 854 ego
428 785 533 844 stercus
547 781 705 846 convehere
718 775 932 856 quamprimum.

123 855 211 916 LYS.
233 855 294 915 Ubi
310 873 367 931 pax
384 859 466 922 robis
489 860 672 918 reconciliata
693 857 792 931 sinerii,
806 861 881 916 istnc
894 855 1013 918 iacietis.
1034 851 1089 914 Sed
1102 855 1126 916 si
1138 855 1175 916 ds

82 955 158 1013 pace
166 938 253 994 robis
266 943 379 996 constat
391 939 544 1017 sententis,
559 941 725 1014 deliberate,
740 946 769 1000 et
781 941 874 1008 socios
886 940 1023 997 adeuntes
1036 956 1094 997 rem
1109 957 1175 1009 cnm

81 1021 118 1078 iis
133 1021 351 1086 communicate.

126 1095 218 1156 POL.
235 1097 311 1158 Nem
324 1115 408 1172 qnos,
423 1097 442 1155 d
457 1097 542 1166 bona,
555 1097 672 1158 sociosl
687 1099 843 1176 arrigimns.
864 1097 1057 1171 Aesoniden
1070 1099 1176 1168 aosbb

84 1180 174 1244 sociis
190 1180 344 1252 ridebitur,
359 1180 489 1252 omnibus
501 1181 674 1248 intuendum
685 1199 747 1252 esse
761 1179 772 1241 i

127 1257 222 1329 LEG.
242 1260 288 1319 Sic
301 1261 403 1334 edepol
417 1263 495 1324 meis.

126 1339 219 1398 Pon.
244 1339 338 1404 Immo
350 1341 446 1398 hercle
458 1338 606 1418 Corystiis.

128 1419 215 1479 LYS.
237 1420 330 1480 Recte
343 1421 448 1487 dicitis.
477 1419 565 1481 Nunc
587 1425 685 1481 curate
704 1427 737 1488 us
757 1423 824 1496 puri
843 1420 912 1493 sitis,
927 1425 960 1478 nt
972 1437 1026 1478 nos
1046 1417 1177 1478 mulieres

84 1503 116 1560 in
131 1520 198 1560 arce
218 1501 350 1560 convivio
364 1520 414 1560 ros
427 1501 600 1575 excipiemus
614 1503 649 1560 de
662 1503 717 1562 illis
728 1523 791 1578 qnae
805 1505 834 1560 in
849 1504 924 1561 cistis
937 1503 1079 1560 habemus.
1108 1500 1129 1560 J
1132 1520 1177 1563 us·

83 1583 244 1658 jurandum
259 1589 289 1640 et
301 1582 383 1640 tidem
398 1583 457 1639 illio
472 1581 590 1653 invicem
602 1585 678 1662 date,
690 1585 792 1652 deinde
805 1600 894 1652 uxore
907 1601 959 1641 sua
970 1588 1099 1663 accepta,
1114 1598 1177 1643 ret·

83 1664 165 1722 'trdm
180 1664 376 1736 unusquisqne
389 1665 491 1722 abibit.
920 1677 923 1683 ’

127 1739 219 1814 POL.
241 1743 294 1804 Sed
307 1741 403 1802 eamus
415 1763 499 1818 quarn
519 1745 659 1805 oilissims.
715 1803 717 1806 .

129 1821 225 1890 LEG.
248 1823 313 1882 Duc
327 1843 386 1898 qno
400 1832 432 1884 tu
447 1827 499 1884 ris.
641 1871 643 1876 .

130 1902 224 1963 1²01..
248 1903 295 1962 Its
309 1905 415 1978 hercle,
430 1925 515 1980 quam
529 1905 683 1965 celerrime.

130 1983 256 2054 CHOR.
277 1983 381 2044 MUL.
402 1984 548 2061 Stragulas
571 1995 662 2044 restes
677 1991 706 2043 et
726 1986 826 2059 lenas,
842 1991 872 2042 et
891 1984 1030 2064 xystidas,
1043 1990 1073 2044 et
1092 2003 1179 2052 aoros

87 2081 169 2140 rusa,
185 2066 320 2138 quidquid
339 2073 384 2124 est
394 2067 474 2142 mihi,
490 2065 551 2123 sine
563 2065 670 2124 invidia
689 2067 758 2121 volo
778 2068 910 2121 omnibns
925 2069 1064 2140 praebere,
1079 2075 1111 2123 ut
1135 2068 1179 2124 fe.

88 2153 158 2204 rant
170 2148 227 2203 suis
241 2147 349 2220 liberis,
363 2145 387 2203 si
403 2147 518 2218 quando
536 2141 656 2229 alicujus
676 2143 736 2214 dlis
756 2146 909 2202 canistrum
925 2146 954 2202 in
972 2147 1058 2203 sacris
1077 2153 1178 2222 gestet.

89 2225 234 2284 Omnibus
247 2227 329 2284 robis
342 2227 419 2299 dico,
434 2235 467 2283 ut
479 2229 595 2285 sumetis
606 2243 684 2284 nunc
695 2227 732 2282 de
742 2226 812 2282 meis
823 2226 924 2299 opibus
937 2244 953 2284 e
967 2227 1053 2284 domo
1065 2247 1137 2301 mea,
1151 2232 1181 2286 et

87 2308 163 2366 nihil
176 2315 232 2364 tam
247 2308 320 2366 bene
340 2310 523 2384 obsignatum
533 2325 603 2382 esse,
619 2307 689 2380 quin
705 2323 799 2362 oerarn
819 2307 974 2382 revellatis,
988 2313 1017 2364 et
1029 2326 1090 2382 quae
1102 2310 1181 2366 iutus'

90 2386 212 2457 condita
233 2396 301 2446 sunt
313 2387 459 2452 auferatis.
479 2387 531 2445 Sed
547 2390 594 2460 qui
609 2387 702 2445 omnia
716 2387 957 2462 circumspexerit,
972 2388 1042 2450 nihil
1064 2389 1181 2462 videbit,

89 2469 147 2526 nisi
160 2470 222 2541 quis
235 2469 361 2526 restrdm
372 2471 483 2526 acutius
496 2471 598 2542 cernit,
611 2487 696 2542 quarn
705 2486 767 2539 ego.
788 2467 818 2530 Si
828 2461 896 2524 sero
906 2467 994 2537 alicui
1004 2470 1083 2544 cibus
1092 2468 1183 2538 deest,

88 2566 150 2623 quo
160 2567 262 2616 vernas
271 2557 301 2608 et
312 2551 459 2622 parvulam
468 2551 596 2606 sobolom
606 2543 784 2610 numerosam
795 2556 905 2621 pascat,
916 2550 982 2610 licet
990 2567 1008 2606 a
1016 2567 1061 2619 me
1071 2567 1183 2608 sumere

93 2633 232 2688 contritas
245 2629 359 2704 fruges:
382 2637 412 2686 et
424 2636 467 2700 est
481 2631 561 2704 panis
575 2631 653 2686 unius
663 2628 810 2701 choenicis,
825 2633 943 2698 aspectu
956 2629 1038 2687 ralde
1052 2648 1181 2706 magnus.

91 2709 228 2784 Quisquis
238 2708 327 2783 igitur
340 2711 402 2768 rnlt
415 2709 584 2784 pauperum,
594 2717 641 2767 eat
654 2709 682 2766 in
696 2709 812 2766 domum
825 2724 913 2764 meam
927 2726 1024 2765 saccos
1036 2709 1143 2767 habens
1153 2718 1184 2777 et

91 2785 189 2864 peras,
204 2797 375 2864 accepturus
387 2790 481 2865 fruges
494 2808 502 2847 s
526 2789 629 2847 Manes
641 2797 733 2846 autem
753 2805 847 2845 servus
867 2804 945 2844 mens
958 2790 997 2846 eis
1011 2789 1100 2847 iudet.
1123 2789 1182 2847 Ve-

90 2880 252 2930 rumtamen
262 2871 298 2928 ad
308 2872 425 2948 januam
440 2889 574 2929 meamne
587 2872 649 2944 quis
659 2869 787 2949 accedat,
802 2867 947 2947 predico:
961 2869 1011 2942 sed
1024 2867 1124 2927 careat
1136 2867 1184 2931 ca.

90 2969 168 3014 nem.

134 3028 244 3090 CIRC.
264 3030 357 3105 Aperi
366 3030 493 3106 januam.

124 3109 238 3178 ‘an
261 3111 369 3170 Nonne
382 3114 424 3171 ris
442 3114 509 3170 loco
523 3109 645 3171 cedere?
668 3109 742 3187 Vos,
757 3110 826 3184 quid
840 3108 964 3171 sedetis?
987 3108 1066 3170 Num
1087 3112 1183 3188 sullis,

93 3203 129 3252 ut
141 3212 196 3268 ego
209 3193 340 3266 lampade
352 3193 406 3250 hac
419 3211 471 3250 ros
485 3191 673 3252 comburam?
695 3192 815 3250 molesta
828 3199 870 3248 est
883 3191 944 3249 hac
957 3193 1052 3251 statio.

134 3271 244 3332 CIRC.
266 3271 337 3330 Non
351 3273 491 3339 recedam.
532 3293 534 3298 ’

46 3395 48 3398 -
137 3351 242 3422 ΒΑΜ.
263 3353 318 3412 Sed
332 3353 356 3411 si
369 3355 486 3412 omnino
499 3354 528 3420 id
541 3353 702 3411 iaciendum
715 3358 769 3430 est,
780 3357 814 3414 ut
824 3352 905 3410 robis
919 3351 1120 3432 gratulemur,
1131 3355 1184 3418 du.

92 3435 234 3492 rabimus.

137 3511 246 3571 CIRC.
267 3511 306 3571 Et
317 3531 371 3572 nos
384 3520 478 3572 tecum
492 3531 550 3571 nno
559 3513 735 3572 durabimus.
880 3547 884 3550 ·

137 3591 239 3652 FAM.
260 3592 368 3652 Nonne
381 3595 465 3652 ebitis
479 3592 490 3652 Ξ
516 3595 596 3652 Male
605 3598 660 3654 erit
673 3596 773 3654 restris
786 3593 896 3669 capillis
907 3599 936 3652 et
945 3594 1047 3653 debitis
1057 3593 1184 3670 largiter.

95 3671 129 3732 N
134 3692 178 3812 oq
187 3673 282 3750 ebitis,
297 3683 330 3752 ut
342 3673 473 3744 Lacones
486 3692 521 3732 en
532 3678 640 3742 aedibus
661 3677 757 3750 quiete
768 3676 872 3735 abeant
885 3693 980 3733 rernm
1001 3677 1125 3739 omniurn
1141 3693 1186 3743 sa.

92 3755 157 3815 turi
673 3755 677 3763 '

137 3833 233 3894 ATH.
254 3833 371 3903 QUID.
393 3833 548 3908 Nunquam
568 3837 698 3910 equidem
723 3835 782 3893 ridi
805 3836 862 3894 tale
876 3837 1048 3893 convivium.
1089 3833 1188 3894 Fecsti

94 3917 200 3988 ntique
211 3925 292 3974 erant
303 3914 451 3975 Laconesr
477 3935 529 3974 nos
542 3925 637 3982 eutem
650 3919 679 3974 in
692 3917 761 3974 rino
772 3917 897 3974 courirae
910 3917 1116 3989 sapientissimi.

140 3995 264 4058 oflois.
285 3995 374 4054 SEN.
402 3997 494 4054 llecte
507 4005 649 4070 autumas,
665 3997 734 4071 quis
754 3996 844 4054 sobrii
866 3998 1026 4054 insanimus.
1063 3995 1189 4064 Quodsi

93 4077 288 4138 Athenienses
300 4095 345 4134 me
357 4079 486 4149 audient,
501 4078 606 4135 madidi
616 4095 727 4154 semper
740 4077 881 4137 ebibimus
893 4076 1049 4152 legationes
1070 4078 1187 4135 ubicun-

94 4153 163 4232 que·
189 4155 279 4216 Nunc
291 4160 366 4216 enlm
382 4160 405 4216 tl
419 4157 533 4232 quando
547 4156 781 4220 Lacedaemonem
793 4158 917 4216 renimus
931 4159 1010 4230 sicci,
1024 4159 1119 4216 statim
1133 4160 1189 4215 cir.

95 4238 310 4313 conspicimus,
322 4241 423 4315 ecquid
435 4241 552 4297 turbare
564 4239 716 4313 possimus.
731 4238 833 4312 ltaque
842 4238 910 4312 quid
920 4240 1029 4311 dicant,
1040 4255 1098 4295 nou
1107 4238 1189 4307 andi..

94 4338 159 4376 mus
172 4338 181 4377 r
194 4336 258 4392 quse
268 4337 337 4377 rero
351 4341 411 4380 non
421 4321 533 4394 dicunt,
544 4321 606 4378 haec
619 4323 796 4395 suspicemur
806 4337 976 4394 perperam:
990 4328 1020 4378 et
1031 4320 1189 4376 nuntiemus

95 4418 158 4460 non
180 4401 277 4482 eadem
291 4399 327 4460 de
338 4403 434 4464 iisdem
447 4401 540 4462 rebus.
576 4404 619 4459 At
633 4419 713 4460 nuno
727 4402 823 4460 omnia
841 4401 1022 4477 placuerunt,
1037 4400 1107 4458 utsi
1124 4397 1190 4476 quis

181 4498 249 4540 ros.
271 4498 313 4542 rr.
646 4498 665 4539 rr
