2875 4984
596 401 709 485 ess.

153 556 251 619 aab.
267 556 359 620 Fas.
380 558 532 635 Abeamus,
546 558 565 617 d
579 558 724 619 hastarum
737 559 828 619 taber.

151 636 280 701 TRYG.
304 636 494 717 Nequaquam
506 660 515 713 ;
534 638 602 715 qula
616 642 654 701 ab
667 643 723 703 hoe
736 660 790 719 ego
803 636 897 697 beatas
908 636 977 697 istas
986 654 1086 699 mam.

150 718 267 783 HAST.
289 720 434 794 Quantum
447 711 516 797 erg‘o
529 718 597 779 das?
960 722 965 729 '

150 798 279 863 TRYG.
301 803 332 861 si
353 802 482 864 bifariam
496 802 678 863 diffindantnr
687 800 814 879 singule,
827 820 935 873 sumam
947 818 995 859 eas
1016 815 1073 875 pro
1092 798 1198 879 ridicis,

98 890 244 945 centenas
256 884 399 945 drachma.

151 960 269 1022 HAST.
290 961 469 1023 Contumelia
480 962 542 1023 baec
556 970 617 1024 est:
640 964 814 1025 discedamus
826 958 905 1037 binc,
917 962 936 1021 d
950 962 1035 1021 boue.

147 1042 279 1104 TRYG.
301 1044 347 1107 lta
359 1048 475 1106 hercle:
498 1064 563 1111 nam
579 1046 661 1121 pueri
677 1044 738 1123 jam
751 1052 857 1105 exeant
869 1044 925 1103 huc
937 1042 1133 1119 invitatorum,
1147 1038 1202 1101 mi·

99 1126 195 1199 cturi,
209 1134 315 1201 atquae
331 1127 473 1187 cantaturi
486 1136 550 1185 sunt
564 1122 811 1201 praemeditemur,
825 1124 855 1183 ni
867 1125 963 1182 tollor.
1003 1120 1068 1197 sed,
1084 1123 1103 1181 d
1117 1142 1202 1201 puer,
1307 1124 1312 1128 ’

98 1206 130 1266 ai
146 1207 213 1281 qnid
228 1217 343 1269 cantare
354 1210 473 1287 cogitas,
482 1209 528 1267 hic
538 1214 660 1285 propter
672 1224 717 1267 me
730 1210 844 1269 adamas
857 1208 939 1282 prius
950 1202 1119 1280 praeludium
1133 1223 1202 1265 cau·

98 1290 156 1345 tus
172 1288 244 1345 saec.
434 1341 443 1350 ..

147 1364 261 1427 Pube
276 1364 303 1427 l.
325 1368 411 1429 Nunc
423 1360 520 1428 rursus
532 1388 550 1429 a
562 1366 705 1430 bellicosis
718 1368 785 1446 siris
798 1365 1021 1427 exordiamur-

149 1446 278 1509 TRYG.
300 1448 405 1511 Desine
425 1450 577 1509 bellicosos
592 1456 716 1520 cantara,
730 1448 900 1523 prasertim,
916 1446 935 1504 ὀ
949 1445 1145 1521 perditissime,
1156 1444 1203 1505 ta·

99 1530 157 1583 cta
173 1528 235 1603 jam
248 1548 329 1604 pace.
370 1528 451 1586 Male
464 1532 566 1585 doctus
578 1545 608 1585 es
619 1534 649 1585 at
662 1526 840 1585 execrabilis.

149 1602 262 1664 Puera
275 1605 303 1667 1.
325 1606 373 1665 lili
386 1613 582 1686 autemquum
602 1607 662 1685 jam
684 1625 779 1682 prope
797 1610 889 1665 essent
909 1611 1111 1665 concurruntur
1125 1605 1201 1667 intes

101 1703 181 1757 sese,
195 1694 277 1745 scuta
290 1693 320 1747 et
332 1690 452 1765 clypeos
463 1688 653 1747 conserebant
664 1688 837 1747 umbonibus
848 1688 984 1746 munitm.

152 1762 280 1827 TRYG·
302 1764 456 1847 Clppcos?
476 1788 573 1828 noune
585 1769 694 1829 desines
707 1771 825 1849 clypeos
838 1785 994 1827 memorare
1005 1764 1109 1827 nobis?

150 1844 260 1905 PUER
273 1846 299 1907 1.
320 1846 376 1907 Hic
389 1850 479 1907 sirum
494 1851 616 1925 ejulatus
633 1852 813 1909 exoriebatur
826 1852 910 1915 simul
923 1854 953 1907 et
966 1848 1151 1923 supplicatio.

149 1924 279 1987 TRYG.
305 1926 405 1989 Virdm
419 1930 559 2005 ejulatus,
573 1930 688 2007 inquis?
710 1930 851 2009 plorabis,
862 1932 903 1988 ita
914 1948 960 1989 mc
973 1924 1102 1989 Bacchm
1114 1929 1202 2009 amet,

103 2008 234 2085 ejulatus
249 2028 364 2087 canens,
379 2028 484 2085 cosque
498 2012 668 2071 umbonibus
683 2014 820 2071 munitos.
1128 2032 1135 2048 ·

104 2168 118 2229 l
151 2086 264 2149 PUER
278 2091 305 2150 1.
327 2090 380 2151 Sed
393 2092 462 2167 quid
474 2110 575 2153 cauam
591 2092 729 2155 modam?
753 2100 787 2151 tn
799 2092 874 2151 euim
886 2090 932 2149 dic
944 2088 1024 2168 milri,
1038 2088 1143 2167 quibus
1152 2090 1202 2150 da-

121 2170 234 2227 eeteris.
786 2224 789 2229 ,
964 2205 967 2209 -

151 2247 280 2309 TRYG.
303 2250 395 2327 Cane,
408 2250 458 2313 Sic
477 2252 524 2313 illi
536 2254 650 2331 quidem
660 2255 850 2316 comedebant
863 2256 950 2311 boum
966 2269 1080 2321 corner,
1093 2255 1124 2308 et
1141 2269 1205 2327 quae

107 2338 185 2427 sunt
192 2332 364 2392 istimmodi:
382 2332 550 2395 Prandium
560 2338 752 2417 adponeboot
765 2344 795 2395 et
805 2352 980 2418 quecunque
994 2339 1125 2403 cuntem
1136 2350 1205 2414 sasas·¹

107 2431 243 2472 verorum.
830 2471 833 2478 ,
882 2466 885 2471 -

153 2488 264 2553 PUER
279 2489 306 2553 Ῑ.
327 2492 374 2553 Sic
386 2493 428 2553 illi
442 2494 553 2567 quidem
568 2499 757 2556 comedebant
768 2498 854 2553 boum
874 2510 983 2563 carnes,
1002 2494 1206 2566 sudautnmqus

108 2588 254 2647 equorum
265 2575 389 2641 cervices
403 2576 552 2631 solvebant
564 2578 649 2654 jugo,
662 2576 758 2637 satiati
768 2574 829 2648 jam
843 2574 929 2632 bello.

154 2649 285 2710 TRYG.
312 2650 403 2710 Esto:
426 2654 502 2715 bello
514 2655 607 2718 satiati
619 2661 688 2715 snut
694 2674 707 2729 3
721 2654 823 2714 deinde
835 2652 1029 2713 comederunt.
1048 2646 1111 2709 Ista
1120 2653 1203 2731 canc,

111 2734 179 2803 ista,
193 2737 227 2788 ut
240 2732 416 2795 comederint
427 2734 532 2795 satiati.
1178 2797 1182 2804 ,

154 2806 209 2871 PU
212 2808 266 2873 Ee
280 2805 308 2869 I.
328 2808 440 2871 Deinde
452 2822 601 2891 postquam
613 2814 732 2889 desiere,
744 2820 863 2893 pectora
876 2810 1053 2876 munierunt·
1192 2842 1197 2851 ·

153 2887 284 2951 TRYG.
306 2888 418 2972 Cupide
431 2902 460 2953 ct
472 2898 615 2974 lubenter,
628 2904 662 2955 ut
673 2899 770 2958 credo.
956 2927 958 2932 ·
1193 2967 1197 2979 ι

153 2970 265 3043 PUER
278 2973 304 3039 l·
328 2974 354 3033 E
367 2979 494 3039 turribus
508 2998 578 3039 rero
597 2996 658 3039 sese
674 2981 861 3053 effuderunt3
881 2976 988 3058 clarnos
1000 2976 1093 3031 autem
1105 2968 1204 3049 ingens

114 3061 231 3115 exortus
246 3062 298 3114 est.

154 3133 283 3194 TRYG.
311 3133 440 3203 Pessimis
461 3139 595 3215 exemplis
614 3156 725 3215 pereas,
738 3139 759 3203 b
770 3138 899 3215 puerulo,
914 3154 980 3195 cum
999 3132 1056 3194 tuis
1075 3130 1202 3210 praeliisi

113 3215 185 3273 nihil
198 3218 274 3279 enirn
287 3217 342 3275 nisi
355 3220 430 3279 bella
442 3221 528 3279 canis.
572 3218 729 3297 cujusnam
741 3238 811 3281 sero
823 3219 898 3296 tilios
911 3235 940 3275 es
949 3214 969 3276 ἓ.

153 3294 266 3355 PUER
279 3296 306 3361 I.
330 3298 450 3374 Egone?
1002 3298 1008 3304 ’
1127 3302 1131 3306 ’

153 3374 283 3437 TRYG.
305 3376 358 3438 Tu·
366 3399 435 3456 ergo
449 3380 553 3439 hercle.

152 3454 265 3517 PUER
276 3457 302 3525 I.
324 3458 414 3519 Filius
424 3460 570 3523 Lamachi.

153 3535 281 3597 TRYG.
302 3537 382 3601 Hui!
405 3541 529 3601 mirabar
549 3542 695 3618 profecto,
709 3543 778 3601 dum
798 3547 828 3601 to
847 3538 1006 3617 audiebam,
1027 3533 1058 3595 ni
1077 3536 1113 3591 tu
1132 3548 1205 3595 esses

116 3616 292 3679 Bolomecbi
304 3620 425 3681 hominis
438 3630 468 3681 et
480 3620 677 3684 Cleusimeciri
686 3624 809 3699 alicujus
821 3622 904 3681 filim.
946 3618 962 3678 1
976 3621 1007 3678 in
1018 3616 1120 3675 malam
1133 3631 1205 3690 rem,

117 3706 148 3759 et
159 3699 311 3760 bastiferos
321 3702 431 3778 adim,
446 3706 479 3763 iis
493 3712 587 3764 canta.
629 3704 693 3767 Ubi
703 3706 773 3763 mibi
782 3703 933 3781 Cleonymi
946 3709 988 3761 est
1001 3694 1097 3759 filius?
1121 3711 1204 3771 eane,
1275 3757 1278 3763 ,

115 3782 278 3855 primquam
289 3774 467 3859 ingrediaris,
482 3786 588 3859 aliquid
599 3804 609 3843 s
631 3803 697 3845 nam
710 3792 756 3844 sat
766 3786 826 3844 acio
839 3790 867 3843 te
879 3790 987 3861 pugnas
1000 3797 1060 3839 non
1073 3781 1205 3837 cantatu·

117 3878 200 3919 rum:
223 3864 353 3921 modesto
367 3866 439 3922 enim
454 3883 482 3922 os
497 3862 685 3938 patronatus.

156 3938 268 4000 PUER
281 3941 324 4002 ΙΙ.
345 3941 457 4023 Clypeo
477 3946 589 4019 quidem
607 3964 671 4003 meo
693 3944 777 4004 Sa'im
799 3943 901 4019 aliquis
921 3942 1059 4019 superbit,
1074 3955 1156 4013 quem
1168 3935 1206 3995 ad

117 4020 254 4080 fruticem
267 4024 367 4100 reliqui
379 4026 496 4100 insitus,
510 4028 725 4086 instrumentum
736 4026 804 4086 belli
816 4028 881 4084 labe
895 4042 1033 4083 carens-

158 4100 290 4163 TRYG.
313 4104 487 4175 niominis
503 4107 597 4183 pusio,
612 4106 738 4167 haeccine
750 4106 780 4164 in
796 4117 906 4184 patrem
918 4113 1000 4164 tuum
1013 4096 1111 4163 cauis?

157 4180 270 4245 PUER
284 4182 327 4241 Il.
347 4184 444 4245 Vitam
458 4195 553 4247 autem
567 4206 656 4247 meam
668 4189 786 4247 serrari.

157 4259 288 4321 TRYG.
318 4264 359 4323 At
391 4274 539 4343 parentum
565 4271 653 4409 altar}
679 4270 866 4329 dedecorasti.
906 4266 961 4328 Sed
988 4263 1204 4342 mpedimura

112 4408 117 4420 ,
203 4360 273 4402 sou.
289 4361 333 4407 ss.
665 4366 686 4410 u
