2875 4984
290 402 351 459 ³0⁶
634 390 1019 455 ARISTOPHANIS

292 558 429 625 tanquam
441 552 562 628 mulieri,
577 553 726 609 turundnm
740 554 895 610 subactam.
937 550 992 609 Sed
1012 569 1050 607 an
1069 549 1184 609 desierit
1202 550 1305 625 edere,
1321 568 1385 625 spe·

295 634 423 705 culabor,
438 633 528 691 sorem
542 634 697 707 pauxillum
711 634 752 690 sic
764 634 905 705 aperiens,
919 650 956 689 ue
969 649 1013 691 me
1026 632 1132 691 videet.
1173 629 1335 704 lncumbe,
1351 652 1385 689 ne

294 715 402 771 desinas
422 732 543 787 unquam
566 714 659 787 edere,
675 716 827 786 usquedum
848 713 1010 788 imprudens
1031 712 1226 787 disrumperis.
1272 710 1335 784 En,
1356 720 1384 769 ut

296 812 405 867 pronus
418 802 501 853 rorat
523 794 688 853 execrabilis
708 796 768 868 ille,
784 803 919 866 tanquam
942 795 1082 868 luctator,
1103 794 1232 851 maxillas
1259 801 1384 851 centor.

296 893 404 949 quens3
427 882 512 950 eaput
531 877 639 933 interea
659 892 813 948 manusque
834 876 1045 947 quodammodo
1068 876 1300 949 circumducens,
1319 882 1353 931 ut
1365 875 1384 930 ii

295 957 344 1028 qni
358 974 464 1013 crassos
479 957 610 1013 rudentes
623 956 655 1012 in
667 973 751 1013 nares
765 955 909 1013 onerarias
923 956 1108 1013 convolvunt.
1149 954 1209 1013 Res
1231 956 1383 1012 immunda

294 1043 324 1093 et
336 1035 436 1093 foetida
449 1042 480 1094 et
492 1054 582 1094 vorax
595 1043 638 1095 est
659 1036 712 1094 iste
734 1036 900 1093 scarabeus.
943 1034 1006 1093 Nec
1028 1038 1176 1110 cujusnam
1197 1036 1326 1094 deorum
1349 1037 1384 1092 sit

293 1115 350 1175 boc
363 1118 505 1189 peculium
519 1118 598 1175 scio:
620 1117 695 1173 haud
708 1133 775 1173 sane
790 1114 910 1176 Veneris
922 1116 990 1176 miti
1010 1117 1123 1174 ridetur
1144 1134 1205 1175 esse
1224 1134 1282 1174 nec
1304 1114 1383 1175 Gra-

293 1197 430 1255 tiorum·

335 1273 438 1336 FAM.
460 1276 486 1334 I.
503 1276 593 1352 Cujus
607 1294 676 1351 ergo
689 1273 754 1333 est?

331 1354 432 1416 ΒΑΜ.
457 1356 500 1417 11.
516 1356 603 1417 Haud
615 1358 676 1417 fieri
690 1361 798 1433 potest,
813 1358 884 1430 quin
901 1355 1120 1433 sithocsignum
1143 1353 1228 1416 Joris
1240 1355 1382 1431 Fulgera·

294 1437 376 1497 toris.
440 1442 445 1446 ”
848 1489 850 1492 .

335 1517 361 1576 F
363 1517 436 1578 AM.
459 1517 485 1576 1.
507 1518 572 1579 Jam
594 1517 681 1595 igitur
703 1522 892 1591 spectatorum
913 1516 1014 1588 aliquis
1036 1518 1124 1589 dicat,
1143 1517 1261 1592 juvenis
1283 1516 1381 1573 forsan

296 1599 433 1673 opinione
446 1617 497 1657 sua
509 1592 641 1674 sapiens:
663 1596 743 1667 Qum
763 1600 818 1657 boe
835 1602 883 1657 eei
902 1598 978 1655 est?
998 1593 1146 1663 Quorsum
1166 1601 1305 1675 pertinet
1325 1602 1381 1653 iste

294 1674 487 1738 scarabeos?
501 1680 617 1738 Deinde
639 1680 693 1753 ipsi
716 1678 761 1734 vir
786 1675 900 1736 Ionicus
924 1676 1027 1751 aliquis
1050 1676 1175 1735 adsidens
1198 1678 1301 1735 dieat:
1334 1675 1382 1734 Ae

294 1755 443 1831 Cleonem,
457 1766 490 1817 πε·
496 1762 596 1835 fallor
610 1764 713 1829 animi,
723 1762 856 1836 pertinet
868 1761 942 1829 boe,·
960 1777 1027 1815 mom
1039 1759 1294 1834 illeimpodenter
1305 1776 1380 1815 mer.

294 1841 360 1897 dam
375 1841 507 1897 eomedit.
548 1840 601 1899 see
614 1843 727 1898 domum
741 1841 880 1913 ingressus
893 1841 1036 1897 scarabao
1048 1838 1124 1896 dabo
1138 1842 1247 1896 bibere.

334 1918 434 1977 FAM.
447 1919 503 1999 ¹ll.
529 1924 573 1979 st
585 1940 638 1997 ege
650 1922 737 1996 hujus
750 1921 791 1977 rei
809 1920 950 1979 rationem
963 1920 1067 1993 pueris,
1086 1924 1116 1977 et
1137 1920 1381 1995 adolescentibus,

293 2006 323 2059 et
335 2000 413 2074 viris,
427 1998 540 2074 illisque
553 2005 602 2074 qui
620 2002 695 2059 viros
709 2008 792 2057 aetate
815 2010 964 2075 superant,
980 1999 1141 2067 edisseram,
1153 1998 1274 2073 illisque
1295 2001 1381 2058 etiam

294 2083 342 2156 qui
356 2084 431 2139 ultra
444 2100 618 2140 communem
634 2083 758 2138 virorum
774 2087 895 2155 sortem,
907 2082 1065 2155 longiorem
1079 2081 1143 2136 rita
1165 2083 1290 2157 copiunt
1315 2101 1381 2138 nsu-

293 2181 364 2220 rem.
407 2160 500 2221 Herus
513 2163 863 2221 meusnorumiusanitiu
876 2162 1002 2229 modum,
1015 2177 1074 2219 non
1089 2179 1146 2233 quo
1169 2160 1302 2235 r'os,sed
1324 2161 1381 2219 alio

294 2245 379 2318 plane
391 2261 478 2300 noro.
520 2238 576 2300 Per
589 2250 683 2300 totum
697 2242 771 2299 enim
786 2238 859 2299 diem
873 2239 975 2299 coelum
988 2241 1143 2314 suspiciens
1166 2241 1259 2299 hianti
1274 2262 1327 2301 ore
1342 2244 1379 2299 sie

294 2324 423 2397 increpat
437 2321 552 2395 Jorem,
571 2324 684 2395 aitque:
707 2320 873 2397 OJupiter,
887 2322 956 2398 quid
968 2322 1010 2381 vis
1032 2321 1150 2381 tacerel
1173 2323 1293 2399 depone
1316 2342 1377 2382 seo·

294 2422 346 2479 pas
358 2422 367 2460 r
392 2422 428 2460 ne
437 2396 522 2459 'verre
535 2400 719 2461 Graeoiam-

332 2480 461 2541 TRYG.
485 2481 588 2540 Ebeul
610 2481 698 2543 ehenss

334 2556 437 2619 FAM.
462 2553 505 2619 ΙΙ.
529 2560 634 2622 Silete:
664 2582 729 2622 uam
743 2562 806 2639 ejus
819 2578 918 2623 rocem
931 2563 1027 2623 audire
1037 2563 1106 2623 mihi
1120 2565 1228 2623 videor.

294 2708 300 2717 ,
333 2640 461 2701 TRYG.
489 2640 656 2719 OJupiter,
671 2646 737 2719 quid
749 2646 860 2705 demum
882 2647 1089 2706 faeerenostro
1110 2648 1222 2723 populo
1244 2642 1376 2721 cogitas?

293 2722 352 2783 nou
362 2724 560 2781 animadvertis
573 2735 603 2782 ts
614 2726 697 2783 urbes
711 2734 823 2785 nostras
836 2720 987 2784 exhaurire
1000 2725 1013 2783 l
1239 2724 1243 2729 ’

333 2803 435 2861 FAM.
458 2802 502 2862 ΙΙ.
524 2803 589 2863 Hoc
601 2809 731 2865 nimirum
748 2809 820 2865 illud
841 2810 945 2867 malum
967 2807 1113 2881 eebquod
1134 2808 1287 2867 dicebam:
1312 2820 1377 2862 nam

292 2887 433 2961 specimen
446 2885 563 2942 insania
578 2887 639 2963 ejus
651 2887 765 2945 auditis.
805 2886 879 2955 Quae
894 2894 986 2945 eutem
1009 2890 1103 2946 statim
1126 2892 1164 2945 eb
1185 2887 1272 2945 initio
1292 2884 1377 2955 dixit,

293 2961 408 3038 qnando
421 2984 485 3021 eum
499 2969 585 3040 coepit
600 2969 706 3045 agitare
719 2968 794 3039 bilis,
809 2969 938 3027 audietis.
980 2966 1076 3028 Secum
1090 2970 1164 3026 enim
1176 2967 1232 3026 hoc
1256 2968 1288 3025 in
1313 2968 1376 3025 loeo

293 3045 335 3105 ita
354 3047 547 3121 loquebatur:
579 3045 700 3107 {hinem
721 3066 834 3125 possem
858 3056 942 3109 recto
964 3052 1015 3107 oio
1037 3051 1077 3117 ad
1094 3045 1200 3107 Jobem
1222 3044 1377 3125 pergere!

291 3124 402 3185 Deinde
414 3126 541 3183 tenuibus
555 3130 667 3187 soalulis
680 3128 836 3200 fabricatis,
849 3146 896 3188 eas
921 3129 1140 3206 conscendebat,
1156 3128 1339 3204 pedibusque
1351 3133 1378 3183 et

290 3208 420 3264 menibus
433 3208 538 3280 nitens,
548 3209 579 3264 in
594 3211 695 3267 coelum
710 3212 869 3267 conabatur
881 3213 1028 3285 scandere,
1044 3212 1138 3269 donee
1151 3209 1296 3285 praecipiti
1310 3226 1375 3265 cusu

292 3288 414 3345 cervices
427 3284 548 3361 defregit
559 3290 622 3347 sibi.
653 3288 759 3347 Postea
771 3290 842 3364 beri,
855 3309 943 3364 quum
952 3310 981 3349 se
994 3292 1163 3366 proruisset,
1175 3290 1273 3348 nescio
1286 3307 1377 3364 quor-

290 3385 362 3437 sum,
375 3364 464 3437 toras,
479 3368 593 3425 domum
609 3388 737 3427 reversus
752 3379 795 3427 est
819 3390 882 3429 cum
897 3368 1006 3430 AEtneo
1032 3371 1156 3429 maximo
1176 3372 1337 3443 scarabaeo,
1350 3376 1378 3426 et

289 3448 390 3507 deiude
403 3466 449 3505 me
461 3447 524 3521 ejus
537 3450 773 3523 equisonemesse
787 3450 889 3526 coigit.
931 3452 1103 3527 Atqueipse
1115 3453 1278 3511 demulcens
1296 3469 1373 3523 eum,

289 3535 423 3601 tanquam
446 3530 557 3601 pullum
580 3532 727 3606 equinum,
741 3530 768 3588 0
782 3528 931 3619 Pegasrele
956 3537 1006 3605 mi,
1020 3532 1123 3607 inquit,
1135 3550 1279 3607 generose
1301 3531 1376 3602 ales,

281 3611 337 3685 fec
352 3616 386 3667 nt
398 3626 443 3665 me
457 3609 562 3667 veteres
576 3613 614 3669 ad
625 3609 647 3668 J
649 3630 730 3669 ovem
742 3618 828 3671 reeta
838 3614 930 3671 voles.
972 3612 1025 3671 Sed
1039 3614 1106 3685 quid
1130 3618 1207 3687 agat,
1222 3614 1375 3686 speetebo,

286 3689 328 3747 sie
345 3708 395 3763 per
409 3689 531 3748 cbthros
545 3709 676 3751 exserens
700 3698 795 3766 caput.
837 3691 893 3751 ilei
912 3694 982 3751 mibi
995 3693 1116 3752 misero!
1138 3694 1234 3751 adeste
1253 3694 1321 3760 buc,
1345 3709 1375 3747 a.

287 3768 377 3846 desse,
394 3770 412 3827 ὁ
430 3769 532 3826 uicini:
556 3766 639 3829 herus
652 3774 726 3829 enim
740 3783 815 3831 meus
827 3774 955 3832 sublimis
970 3777 1082 3833 tolbtur
1105 3776 1135 3832 in
1158 3775 1376 3851 alrem,§scara-

288 3850 364 3907 baso.
381 3858 512 3923 tanquam
527 3869 612 3923 equo,
626 3854 757 3911 insidens.
879 3891 882 3899 ι

293 3984 297 3997 ,
325 3927 450 3988 TRYG.
473 3926 615 4007 Placidus,
627 3934 770 4007 placidus,
782 3933 894 4004 sensim,
911 3933 930 3991 ὂ
945 3938 1096 4009 scarabaee,
1111 3954 1147 3995 ue
1160 3934 1230 3992 mibi
1239 3933 1375 3991 ferociter

286 4009 369 4066 nimis
382 4007 491 4084 incede,
506 4012 630 4070 statima
645 4014 789 4089 principio
803 4016 910 4073 robore
923 4015 1027 4090 fretus,
1043 4017 1206 4091 priusquam
1217 4015 1372 4082 sudaveris,

286 4094 317 4151 et
329 4089 444 4147 solveris
460 4096 572 4149 artuum
587 4110 690 4153 nervos
701 4097 810 4152 alarum
824 4103 902 4153 motu
915 4096 1091 4169 vehementi3
1113 4106 1143 4154 et
1157 4114 1192 4153 ne
1205 4097 1283 4169 spira
1306 4093 1372 4151 mibi

286 4176 392 4241 tetrum
407 4171 535 4241 odorem,
550 4176 670 4235 obsecro
684 4182 733 4234 te:
756 4177 799 4234 sin
810 4173 883 4236 istuc
895 4176 1020 4236 tacturus
1032 4194 1073 4254 es,
1088 4178 1134 4236 bic
1150 4177 1247 4253 potius
1262 4192 1373 4236 maneas

286 4250 392 4310 sostris
404 4251 435 4309 in
449 4250 566 4312 adibus.
