2875 4984
289 381 348 442 18⁶
561 447 563 454 ¹
628 370 1026 442 ARISTOPHANIS

328 534 391 595 ΕΡ.
413 533 501 603 Quod
515 535 568 593 tibi
581 553 719 611 memoro,
734 555 771 594 ne
783 536 811 597 id
825 536 879 594 tibi
891 534 985 595 adhuc
999 542 1139 597 terrorem
1150 531 1295 599 incutiet·

331 613 457 674 CHOR.
480 613 559 684 Quid
572 616 639 674 mihi
652 617 744 675 fecisti
757 616 769 675 t

329 696 391 755 ΕΡ.
414 696 501 755 Viros
515 698 613 756 admisi
626 708 751 756 amantea
764 697 851 773 hujus
865 698 1002 759 consorti.

330 775 457 836 CHOR.
477 776 562 836 Tune
575 781 649 836 istnc
661 779 753 836 fecisti
764 778 898 839 facinus?

330 856 392 918 ΕΡ.
417 858 510 931 quue
522 862 606 917 etiem
620 861 721 918 fecisse
732 862 854 935 gaudeo.

331 938 456 1009 CHOR.
479 939 518 997 Et
526 941 585 1014 jam
599 959 675 1001 nunc
685 941 801 999 ubinam
813 934 905 999 sunt?

329 1016 390 1079 ΕΡ.
414 1022 503 1096 Apud
517 1040 582 1094 uos,
596 1025 618 1079 si
627 1023 739 1097 quidem
754 1024 832 1097 apud
845 1041 896 1080 vor
907 1040 961 1097 ego
974 1018 1036 1077 sim.

332 1100 458 1162 CHOR.
480 1100 548 1176 Hei,
562 1105 605 1159 hei
618 1102 626 1161 !
649 1105 754 1179 proditi
769 1122 872 1175 sumus,
882 1109 911 1160 et
924 1101 1042 1158 infanda
1052 1098 1188 1174 perpessi.
1230 1096 1295 1167 Qui
1305 1096 1385 1157 euim

292 1184 398 1241 amicus
411 1192 484 1254 evat,
497 1191 527 1244 et
539 1185 569 1244 iu
583 1186 679 1243 iisdem
692 1186 800 1260 pariter
823 1186 971 1241 nobiscum
985 1181 1155 1255 pascebatur
1170 1182 1278 1253 campis
1303 1180 1384 1251 apud

291 1282 358 1339 nor,
374 1273 563 1341 mansgressus
575 1272 619 1324 est
630 1267 763 1324 instituta
772 1272 879 1339 vetere,
894 1264 1067 1333 violavitque
1079 1268 1258 1322 sacramenta
1269 1264 1382 1331 avium,

291 1350 322 1403 et
334 1344 365 1402 in
378 1347 474 1405 dolum
488 1365 532 1403 me
552 1347 711 1420 devocavit,
725 1348 889 1419 insidiisque
902 1346 1038 1415 exposuit
1060 1344 1170 1419 generis
1184 1343 1274 1416 impii,
1291 1341 1383 1415 quod,

291 1443 327 1484 ex
342 1446 401 1501 quo
413 1427 469 1485 tuit
482 1434 590 1499 natum,
605 1428 641 1485 ad
654 1429 790 1503 gerendas
802 1444 910 1486 mecum
923 1425 1081 1482 inimicitias
1090 1425 1223 1482 increvit.
1265 1418 1315 1481 De
1325 1424 1383 1479 hoc

291 1513 387 1566 autem
407 1511 589 1583 postmodum
611 1509 679 1566 alite
700 1509 875 1567 videbimus:
906 1506 958 1563 bos
982 1524 1051 1563 vero
1072 1524 1152 1565 senes
1170 1522 1287 1579 aequum
1312 1503 1383 1561 mihi

290 1588 404 1647 videtur
419 1608 497 1647 nunc
510 1592 579 1648 dare
594 1608 702 1664 prenae,
715 1598 746 1648 et
757 1588 907 1648 dilacerari
921 1606 939 1645 a
952 1588 1044 1645 nobis.

331 1668 460 1728 PISTH.
483 1669 525 1729 Ut
534 1672 619 1745 igitur
634 1671 787 1745 periimus!
1084 1676 1086 1684 '

267 1817 270 1822 ¹
331 1747 451 1807 Eunu.
473 1746 567 1810 Causa
580 1760 610 1808 tu
626 1753 737 1825 quidem
752 1753 834 1809 nobis
847 1768 877 1811 es
890 1749 1010 1808 istorum
1023 1748 1161 1807 malorum
1174 1746 1247 1807 sola.
1282 1742 1382 1813 Quam

289 1828 365 1888 enim
380 1831 419 1887 ob
431 1849 491 1889 rem
504 1850 550 1889 me
562 1832 626 1888 iude
638 1832 783 1891 abduxtii

329 1908 456 1970 PISTH.
479 1911 523 1970 Ut
535 1931 580 1970 me
592 1915 760 1985 sequereris.

329 1988 385 2049 EU
391 1990 451 2050 El..
472 1992 515 2050 Ut
527 1995 658 2066 equidem
672 1997 769 2069 potius
783 1994 978 2067 maximopere
992 1988 1112 2065 plorem.

327 2070 456 2132 PISTH.
478 2072 520 2132 Fa
532 2094 600 2133 sane
612 2077 642 2133 in
657 2093 688 2134 re
700 2077 803 2135 deliras
815 2075 907 2133 valde.

326 2152 447 2213 EUEL.
467 2155 613 2223 Quidum?

328 2233 460 2293 PISTH.
482 2234 611 2293 Plorabie
625 2236 742 2309 scilicet,
757 2238 780 2293 si
794 2236 877 2295 semel
892 2234 970 2295 oculi
983 2236 1037 2293 tibi
1048 2230 1156 2291 tuerint
1167 2228 1264 2287 excisi.

319 2313 458 2389 ,cnon
483 2315 530 2389 Io,
546 2318 586 2389 io,
597 2318 686 2387 irrue,
700 2317 746 2374 tac
769 2316 900 2376 hostilem
922 2323 1055 2391 impetum
1072 2319 1103 2372 et
1125 2313 1249 2384 letalem,
1260 2306 1378 2382 alasque

232 2397 234 2402 '
289 2394 375 2453 simul
387 2397 494 2469 ingere,
510 2403 540 2453 et
553 2398 743 2471 circumcinge
755 2399 829 2455 viros
841 2399 913 2457 bos:
936 2416 1000 2454 nam
1015 2402 1155 2467 utrosque
1163 2393 1278 2466 plorare
1286 2408 1375 2462 opor·

289 2480 345 2549 tet,
360 2482 513 2548 rostroque
527 2479 654 2550 prebere
668 2494 732 2535 meo
743 2495 845 2535 escam.
888 2478 998 2537 Nullus
1007 2477 1111 2537 etenim
1122 2491 1204 2531 mona
1215 2472 1372 2541 umbrosus,

288 2570 381 2629 neque
394 2557 481 2614 nubes
499 2558 627 2628 etheria,
641 2574 736 2629 neque
750 2578 851 2617 canum
867 2566 1010 2633 seimane,
1026 2557 1101 2632 quod
1114 2554 1239 2629 excipiat
1251 2552 1318 2609 istos
1331 2569 1375 2607 me

289 2636 466 2711 effugientes.
516 2638 571 2696 Sed
590 2657 626 2696 ne
648 2656 725 2695 nunc
750 2647 915 2698 cunctemur
937 2643 1001 2697 illos
1023 2640 1156 2697 vellicare
1178 2643 1209 2693 et
1230 2632 1371 2693 mordere.

289 2713 416 2775 Ubinam
428 2714 473 2775 est
485 2720 617 2777 ordinum
631 2721 735 2777 ductor
747 2719 759 2777 t
782 2722 900 2780 inducat
912 2724 1043 2779 dextrum
1058 2735 1160 2777 cornu.

327 2796 447 2859 EUEL.
469 2798 535 2860 Hoc
546 2802 639 2875 ipsum
653 2802 722 2857 illud
736 2807 789 2859 est.
831 2801 897 2871 Quo
909 2802 1015 2878 tugiam
1027 2795 1146 2861 infelix?

326 2877 455 2939 PISTH.
477 2883 519 2939 At
531 2889 574 2954 tu,
590 2900 649 2939 non
662 2880 860 2954 permanebis?

327 2958 448 3019 EUEL.
471 2960 554 3020 Utin’
568 2963 605 3017 ab
617 2962 676 3018 istis
687 2962 805 3019 differar
817 2962 829 3019 ἓ
1266 2984 1269 2989 ·

328 3038 457 3099 PlSTH.
479 3043 523 3099 nt
534 3042 609 3099 enim
620 3046 767 3116 quomodo
780 3045 851 3103 istos
864 3047 893 3101 te
906 3043 1015 3119 cogitas
1028 3043 1156 3117 effugere
1169 3040 1271 3114 posse?

328 3117 450 3179 EUEL.
471 3120 580 3180 Nescio
593 3142 652 3196 quo
666 3130 762 3196 pacto.
838 3196 842 3199 ι
1031 3182 1034 3195 ,
1190 3118 1195 3127 '

329 3198 452 3259 PISTH.
474 3202 514 3258 At
523 3222 576 3277 ego
589 3204 722 3277 profecto
730 3204 893 3283 tibidicam,
904 3202 988 3262 nobis
997 3201 1184 3281 pugnandum
1193 3216 1253 3261 esse
1261 3213 1373 3255 mantne

290 3280 378 3353 tibus,
393 3289 423 3339 et
436 3283 485 3341 bas
500 3284 650 3356 capiendas
664 3301 724 3344 esse
736 3287 818 3344 ollas.

329 3359 450 3429 EUEL.
470 3363 549 3431 Quid
562 3373 657 3423 autem
670 3369 728 3425 olla
740 3367 825 3425 nobis
838 3365 989 3441 proderit?

330 3440 459 3502 PISTH.
481 3443 557 3502 Tum
571 3450 682 3520 quidem
696 3455 802 3507 noctua
816 3464 869 3505 nor
883 3466 942 3505 non
954 3447 1080 3506 invadet.

329 3522 450 3582 EUEL.
473 3525 548 3593 Quid
561 3535 657 3587 autem
671 3530 733 3587 istis
743 3530 868 3587 aduncos
881 3547 990 3604 ungues
1003 3525 1172 3585 habentibus
1185 3520 1283 3579 faciam
1296 3518 1308 3575 ἓ

329 3603 458 3664 PISTH.
480 3606 645 3667 Vericulum
659 3610 739 3670 ocius
747 3611 854 3687 arripe,
865 3618 951 3683 atque
961 3610 1002 3667 ita
1012 3614 1139 3668 erectum
1152 3605 1205 3663 tibi
1216 3599 1365 3678 praetende.

326 3684 447 3744 EUEL.
469 3686 566 3748 Oculis
574 3685 649 3749 ‘vero
660 3691 816 3765 quidnam?
1223 3732 1228 3747 .

329 3766 456 3831 PISTH.¹
479 3749 540 3826 iltis
552 3775 733 3830 acetabulum
746 3773 812 3830 inde
825 3776 945 3829 sumtum
957 3773 1081 3846 adpone,
1097 3773 1147 3825 aut
1159 3765 1289 3824 catinum.

330 3845 453 3906 EUEL.
478 3848 504 3906 0
517 3854 732 3925 sapientissime,
746 3854 818 3910 benc
831 3871 899 3910 saus
912 3854 983 3909 illud
995 3849 1164 3909 adinvenisti
1177 3852 1206 3903 et
1219 3846 1363 3917 imperato·

293 3926 355 3983 rie:
379 3935 409 3987 tu
424 3948 492 3987 vero
506 3930 565 4004 jam
580 3933 693 3993 Niciam
706 3953 857 4009 exsuperas
870 3932 1126 3991 machinationibus
1141 3927 1258 3987 callidis.

333 4004 458 4066 CHOR.
480 4009 615 4087 Eleleleu,
631 4016 764 4089 procede,
780 4016 895 4072 demitte
917 4023 1066 4084 rostrum3
1096 4009 1225 4082 cunctari
1250 4022 1303 4061 non
1315 4004 1361 4060 de·

291 4092 348 4144 cet.
383 4086 588 4167 ''1¹rabe,velle,
603 4094 668 4170 seri,
682 4100 813 4169 percute,
826 4097 1000 4169 primamque
1013 4096 1097 4152 ollam
1112 4090 1269 4162 confringe.

332 4165 392 4224 ΕΡ.
413 4167 508 4230 Dicite
531 4176 609 4250 mibi,
634 4196 721 4248 quam
742 4178 857 4234 tandem
879 4177 917 4233 ob
945 4194 1069 4247 causam,
1093 4173 1220 4230 omnium
1244 4164 1359 4241 pessime

291 4248 452 4324 beluarum,
466 4254 597 4327 perdetis,
610 4259 716 4315 nullam
731 4260 806 4331 passi
819 4255 966 4333 injuriam,
979 4258 1032 4317 hos
1041 4256 1132 4331 virm,
1147 4258 1176 4313 et
1197 4247 1364 4332 disturbetis,¹

293 4332 343 4409 qui
356 4348 424 4390 mee
438 4334 566 4412 conjugis
580 4340 694 4414 cognati
709 4344 778 4397 suut
790 4344 819 4397 et
831 4339 960 4397 tribules.
