2875 4984
528 397 693 464 ΜΝΞ.
1107 409 1149 468 86

109 543 256 616 BACCH.
268 553 340 626 Quis
352 557 406 618 scit
418 577 456 620 so
469 561 571 622 nivere
584 565 622 625 sit
644 563 731 637 mori,
743 559 863 646 spirare
880 574 1099 643 rotomnam
1122 577 1155 630 et

70 637 217 707 dormire,
231 638 325 697 retius
338 638 359 697 5

109 715 231 775 PLUT.
255 717 410 796 ltoteergo
422 721 510 796 intro,
527 719 649 784 Bocche.

110 795 260 856 BACCH.
281 797 528 867 Quamobrem?

111 876 235 935 PLUT.
259 877 302 937 Ut
316 882 448 956 hospitati
461 885 547 958 epulo
559 901 611 942 ros
624 883 775 960 excipiam,
788 883 953 962 prinsquam
965 885 1083 947 abnue

103 955 268 1094 tBACCII.
288 955 381 1022 Recte
392 964 487 1023 burele
499 970 647 1025 notumosr
663 966 725 1025 baec
737 968 813 1026 enim
827 985 870 1026 res
883 967 951 1025 mibi
965 968 1085 1028 molesto
1095 985 1157 1028 non

71 1055 101 1097 ω
117 1080 124 1093 .
726 1063 733 1074 ,

113 1115 241 1176 011οΚ
263 1118 368 1179 Bcstns
388 1123 495 1192 rirest,
517 1126 566 1200 qui
586 1123 744 1202 perfectum
763 1126 852 1187 babet
870 1127 1058 1202 sapientiem
1080 1125 1161 1202 qood

73 1200 175 1256 moitis
187 1218 223 1257 ex
238 1205 411 1275 argumentis
423 1205 530 1264 discere
541 1211 593 1265 est.
635 1205 747 1266 Etenim
760 1207 822 1276 iste,
832 1208 898 1282 quic
907 1223 1007 1283 sapere
1019 1206 1095 1265 risos
1107 1211 1163 1281 ost,

76 1297 176 1337 rursm
186 1281 290 1338 redibit
301 1283 428 1353 domum,
443 1287 522 1343 bono
537 1286 653 1362 civium,
668 1293 698 1346 st
710 1288 788 1346 bono
802 1307 920 1346 suornm
932 1292 1125 1363 cognotorum
1131 1291 1164 1344 et

76 1361 248 1431 amicorum,
263 1363 330 1434 quis
344 1367 536 1438 perspiceret
549 1367 675 1440 prudens
687 1374 740 1426 est.
762 1367 916 1426 Poicbrom
928 1367 1026 1440 ituqoe
1035 1371 1087 1438 cst,
1102 1383 1165 1424 noo

75 1438 192 1497 Socrati
213 1443 385 1516 adsidentem
398 1445 518 1519 garrire,
532 1448 646 1522 objecto
666 1455 729 1505 arte
740 1449 855 1520 musice,
870 1448 1033 1520 omittisquo
1045 1447 1090 1520 iis,
1103 1463 1167 1518 qnos

79 1522 230 1594 praecipou
238 1529 306 1578 sunt
317 1525 386 1581 ortis
399 1527 524 1600 tragice.
566 1527 749 1585 Semonibus
758 1533 853 1585 sotem
867 1528 973 1585 tetricis
984 1526 1165 1588 etsubttlits·

79 1600 159 1657 tibus
172 1619 312 1677 nugarum
325 1603 470 1663 immorari
483 1607 616 1676 otiosum,
629 1607 793 1684 desipientis
805 1613 849 1666 ost
860 1606 992 1666 bominis.

164 1799 574 1901 PLUr0,AEscnY1,US,
595 1812 761 1876 CHORUS
782 1806 1089 1876 mmntouuu.

125 1958 248 2026 PLUT.
264 1966 402 2042 Agedum,
417 1967 564 2046 AEscbyle,
586 1971 668 2028 iaetus
692 1972 752 2045 sbi,
765 1977 796 2029 et
813 1989 897 2032 serre
915 1973 1016 2030 urbem
1037 1973 1167 2030 nostrum
1184 2019 1192 2031 ,

84 2050 238 2124 preceptis
252 2048 384 2122 utilibus,
396 2055 425 2106 ct
439 2051 545 2123 castiga
558 2051 678 2107 stultos:
701 2058 769 2108 sunt
778 2058 875 2108 cutem
885 2053 979 2108 multi.
1020 2051 1118 2124 Atque
1129 2049 1168 2108 is·

84 2137 136 2187 tuc
152 2130 233 2186 trude
246 2127 434 2203 Cieopbonti‚
444 2135 475 2186 st
485 2128 540 2187 boc
550 2129 740 2202 quaestoribus
751 2129 972 2205 illis,Murmeci
981 2130 1062 2188 simui
1072 2135 1102 2188 et
1113 2127 1170 2187 Ni-

86 2209 244 2279 comrcb03
267 2209 324 2267 boc
347 2215 443 2266 sutem
466 2207 651 2268 Arcbenomo
663 2227 673 2265 r
695 2215 726 2266 et
737 2211 784 2267 dic
796 2208 866 2283 ipsis
878 2215 914 2266 ut
926 2213 986 2269 cito
999 2210 1035 2268 ad
1053 2227 1100 2268 me
1112 2209 1172 2267 buc

86 2291 213 2360 veniunt,
222 2295 252 2346 et
260 2307 296 2346 ns
306 2293 487 2347 cunctentur.
510 2287 540 2346 N
543 2289 552 2346 i
562 2303 632 2347 roro
642 2290 700 2347 cito
708 2291 847 2363 venerint,
853 2308 921 2365 ego,
933 2291 973 2349 ite
983 2305 1028 2349 me
1040 2294 1118 2348 umet
1128 2288 1172 2346 A·

85 2371 180 2442 polio,
194 2369 331 2427 indicabo
340 2370 429 2442 ipsos,
439 2375 468 2427 et
476 2367 675 2444 quadrupedes
686 2370 874 2445 constrictos,
886 2389 943 2430 unu
955 2391 1021 2431 cum
1034 2368 1173 2428 Acium-

86 2457 120 2508 to
135 2447 315 2524 hucotopht
329 2445 400 2522 fflto,
414 2467 483 2508 mox
497 2448 552 2507 buc
565 2447 722 2508 demittam.

128 2527 254 2587 AESCH.
276 2527 393 2586 Faciam
407 2529 487 2586 haec:
511 2534 645 2586 tuentem
658 2529 761 2587 solium
774 2545 868 2592 meum
882 2531 919 2587 dc
928 2529 1066 2606 Sophocli
1077 2533 1173 2588 costo·

87 2607 220 2666 dieudum
235 2614 265 2665 et
275 2608 456 2682 servendum,
471 2610 494 2666 si
508 2608 586 2667 forte
598 2610 753 2680 aliquando
772 2609 830 2667 buc
843 2611 967 2668 redcom.
1007 2609 1085 2668 Num
1096 2610 1173 2665 bunc

87 2687 159 2744 mibi
169 2689 324 2746 secundum
346 2705 405 2746 esse
415 2687 516 2762 judico
528 2689 558 2744 in
573 2687 724 2760 supientia.
765 2685 933 2746 Memineris
945 2705 1027 2761 vero,
1042 2694 1074 2745 ut
1094 2688 1176 2746 rnfor

87 2767 138 2824 iiie
150 2769 238 2825 bomo
251 2776 280 2826 et
292 2768 457 2840 falsiloquus
468 2774 606 2826 ctscurro
618 2769 877 2840 nunquumiusede
888 2768 1008 2826 mearet
1018 2768 1174 2825 inritursse·

89 2847 168 2906 dest.

131 2923 254 2985 PLUT.
275 2924 433 2987 Praeiuccte
446 2927 533 3004 igitur
547 2945 599 2986 ros
611 2925 680 2984 hnic
703 2926 825 2985 lucernis
838 2924 939 3001 sacris,
952 2923 1093 2999 simulque
1105 2941 1175 3000 pro.

91 3006 253 3083 sequimini,
264 3009 321 3066 suis
336 3009 428 3082 ipsum
444 3007 561 3066 conficis
574 3013 605 3066 ct
617 3007 792 3065 carminibus
807 3008 996 3066 celebrantes.

134 3083 260 3146 CHOR.
280 3084 432 3163 Principio
443 3089 513 3146 felix
524 3088 580 3146 iter
592 3087 709 3146 obeunti
723 3093 818 3161 pottae
831 3092 861 3146 et
872 3087 1003 3145 inlucens
1011 3101 1176 3160 properen-

51 3241 53 3244 .
92 3169 117 3227 ti
130 3171 209 3238 doto,
222 3168 270 3227 Dii
279 3169 382 3227 interi:
405 3168 508 3226 deiude
521 3167 630 3226 civitati
640 3185 808 3242 magnorum
819 3162 965 3226 bonorum
978 3167 1068 3224 boruu
1087 3182 1176 3224 exco-

93 3251 257 3325 gitationes.
298 3247 374 3310 Num
384 3248 491 3324 mugnis
505 3247 586 3305 maiis
599 3253 630 3305 et
642 3249 750 3305 uccrbo
763 3264 909 3306 armorum
923 3247 1059 3304 condicto
1070 3245 1176 3304 libers·

94 3348 192 3390 remur
205 3330 261 3388 boc
275 3339 370 3404 poeto.
411 3327 523 3403 Pugnet
536 3333 631 3385 sutem
644 3324 790 3404 Cieopbo,
805 3331 835 3385 et
847 3328 916 3387 nlius
929 3327 1089 3400 quicunqne
1102 3325 1173 3384 isto.

90 3428 160 3468 rum
175 3411 311 3486 voluerit,
324 3410 353 3467 in
369 3409 464 3486 patrio
478 3425 531 3468 suo
544 3404 618 3466 solo.
