2875 4984
514 329 729 396 PLUTUS.
1093 340 1153 400 10³

39 489 178 564 spadum
190 486 316 562 modico,
332 503 416 562 quam
430 505 508 547 nuuc
522 492 588 548 estis
601 489 850 564 fortunamque
859 489 943 552 beata
955 493 1000 550 est
1011 508 1073 564 sorr
1086 510 1150 552 res·

47 579 118 642 tra,
136 570 279 642 ceterique
294 587 403 644 omnes,
418 572 468 642 qui
483 570 584 646 probis
597 573 663 628 estis
674 571 819 630 moribus!

99 648 228 708 CllOR.
250 647 327 717 Quid
340 656 394 720 est,
409 651 518 724 optime
539 659 654 710 tuorum
668 651 830 710 sodalium?
853 651 957 710 rideris
976 654 1051 711 enim
1064 655 1151 713 adre-

48 733 119 788 nire
134 733 257 788 nuntius
270 731 390 804 alicujus
404 731 484 790 boui.
1081 766 1088 781 ι

99 810 197 888 CAR.
219 809 315 886 Herus
328 831 406 882 meus
419 813 511 870 sactus
522 819 567 881 est
578 812 829 886 fortunatissimus,
844 814 886 870 vel
897 815 994 888 potius
1006 815 1068 888 ipse
1081 813 1151 872 Plu·

49 899 124 964 tos:
149 910 215 952 uam
231 911 265 950 ex
279 909 359 950 coeco
372 893 467 950 lactus
478 901 521 952 est
535 895 751 972 oculatissimus,
765 895 909 966 habetque
921 895 1044 974 nitentes
1054 899 1152 972 pupil.

50 975 109 1046 lus,
127 969 300 1046 AEscrrlapio
317 991 383 1030 usus
397 973 506 1032 medico
522 974 661 1049 propitio.

98 1052 228 1110 cuod.
251 1051 530 1130 Nuntiasmihiquod
538 1057 686 1130 gaudeam,
696 1054 883 1123 nuntiasmibi
897 1057 976 1129 quod
987 1058 1150 1128 exclamem.

94 1133 195 1210 CAR.
218 1131 302 1192 Licet
313 1134 373 1212 jam
387 1135 490 1209 laetari,
506 1137 597 1194 velitis
612 1139 720 1194 nolitis.

98 1213 231 1288 CHOR.
254 1214 325 1272 Alta
338 1234 408 1274 voce
427 1217 550 1274 laudabo
574 1217 676 1292 optimi
691 1219 782 1292 patris
796 1217 897 1294 silium,
910 1223 940 1276 et
961 1218 1060 1293 iugens
1082 1219 1153 1278 illud

52 1295 232 1356 mortalibus
243 1294 342 1368 jubar,
358 1295 567 1371 AEsculapium.

98 1374 205 1434 MUL.
228 1374 364 1444 Quisnam
378 1378 432 1434 iste
446 1380 554 1436 clamor
567 1375 634 1444 esti
657 1377 839 1437 nuntiabitne
852 1379 962 1454 aliquid
976 1379 1069 1438 boni?
1096 1381 1152 1455 boc

52 1459 133 1522 enim
149 1456 268 1532 cupiens
282 1477 335 1532 ego
348 1459 452 1536 dudum
462 1460 541 1536 ¹intus
551 1460 676 1531 derideo,
691 1459 769 1516 hunc
779 1462 941 1534 opperiens.

97 1536 198 1616 CAR.
222 1537 300 1616 Cito,
321 1540 379 1598 cito
406 1541 476 1597 affer
499 1541 607 1610 riuum,
630 1541 710 1612 hera,
739 1546 818 1598 utet
837 1543 900 1614 ipsa
923 1541 1021 1598 bibas:
1053 1542 1153 1599 lubens

50 1614 134 1676 euim
150 1620 260 1755 oppido
273 1619 328 1676 hoc
339 1599 419 1680 liceis.
440 1619 516 1680 Nam
528 1623 623 1682 emnia
634 1623 710 1678 bona
720 1639 778 1678 uno
788 1621 951 1696 quasisasce
964 1623 1152 1698 comprobes.

54 1718 90 1768 sa
105 1701 159 1756 tibi
187 1718 248 1758 ero.
730 1699 733 1706 '
795 1722 800 1729 ’

97 1779 206 1840 MUL.
230 1779 289 1839 Ubi
303 1798 372 1856 ergo
385 1780 475 1844 sunt?

103 1859 201 1942 CAR,
225 1859 269 1918 Ex
284 1861 338 1916 illis
352 1880 416 1942 quaa
427 1863 519 1930 dicam
534 1881 688 1938 cognosces
699 1865 789 1923 illico.

102 1940 212 2001 MUL.
233 1943 298 2017 Age
309 1943 396 2016 igitur
408 1945 511 2020 expedi
525 1945 663 2018 quidquid
677 1947 748 2002 dicis
760 1944 883 2003 eudem.

100 2021 198 2082 CAR.
221 2024 362 2081 Ausculta
375 2025 480 2098 igitur:
501 2043 566 2082 nam
577 2044 630 2100 ego
646 2044 704 2083 rem
718 2044 831 2084 omnem
843 2045 861 2082 a
870 2027 949 2093 calce
961 2043 1051 2104 usque
1064 2027 1093 2096 iq
1106 2044 1154 2084 ca·
1213 2044 1216 2049 ·

58 2111 114 2180 put
130 2105 183 2166 tibi
198 2104 356 2180 demensum
373 2106 459 2162 dabo.

102 2183 211 2254 MUL.
234 2185 281 2244 Ne
295 2203 390 2258 quaeso
405 2188 434 2243 in
449 2192 536 2262 caput
550 2185 630 2247 mihi.

101 2264 201 2328 CAR.
224 2267 334 2323 Annon
349 2267 427 2324 bona
441 2287 485 2342 ea,
500 2287 560 2342 quae
577 2268 662 2326 modo
676 2264 852 2326 evenerunt?

102 2345 211 2405 MUL.
234 2346 264 2404 N
268 2367 305 2404 on
321 2365 364 2404 res
379 2347 453 2422 ipsas
467 2350 590 2421 inquam.

105 2426 217 2486 CAR:
227 2426 338 2485 Etenim
361 2445 445 2500 quum
460 2432 607 2503 extemplo
626 2428 806 2504 pervenimus
820 2429 856 2486 cd
869 2423 975 2504 Deum,
989 2430 1082 2488 virum
1100 2431 1156 2488 du.

59 2514 158 2568 centes
172 2516 240 2566 tunc
251 2508 364 2586 quidem
378 2510 578 2583 miserrimum,
591 2517 622 2568 at
635 2529 711 2566 nunc
725 2509 836 2568 felicem
850 2521 889 2566 ac'
899 2510 1025 2585 beatum,
1041 2513 1155 2585 siquis-

56 2609 146 2664 quam
160 2591 244 2666 alius,
257 2591 379 2664 primum
392 2592 505 2664 quidem
518 2591 609 2668 ipsum
623 2591 660 2648 ad
671 2609 748 2658 mare
756 2591 936 2665 deduximus,
950 2591 1052 2668 deiude
1064 2595 1155 2670 ablui·

59 2691 134 2730 mus.

100 2749 207 2810 MUL.
232 2747 345 2827 Edepol
366 2771 409 2810 nae
425 2753 473 2810 ille
494 2753 594 2810 beatus
615 2755 697 2818 erat:
728 2751 815 2824 homo
837 2767 936 2824 senex,
950 2749 1055 2827 frigido
1077 2755 1158 2816 lotus

58 2851 143 2902 marr.
356 2851 358 2854 ·

102 2911 200 2972 CAR.
222 2912 332 2972 Deinde
345 2914 381 2970 ad
402 2913 554 2972 delubrum
577 2911 631 2970 Dei
652 2911 849 2975 concessimus.
891 2907 1046 2984 Postquam
1061 2919 1155 2972 autem

59 2998 90 3053 iu
105 3014 158 3054 ara
173 2997 311 3069 placente
326 3001 355 3052 et
369 2996 427 3052 liba
444 3001 613 3070 consecrata
624 2994 705 3060 suere
718 2994 830 3050 flamma
849 2989 984 3067 Vulcani,
1004 2995 1154 3057 reclinari.

60 3095 124 3134 mus
139 3074 267 3146 Plutum,
282 3077 324 3150 uti
336 3092 389 3149 par
398 3081 481 3150 erat:
514 3075 645 3152 uostrdm
669 3082 765 3146 autem
779 3072 972 3154 uuusquisque
985 3080 1081 3134 torum
1101 3077 1156 3135 sibi
1228 3120 1231 3125 .

61 3156 286 3232 consarcinauil.

102 3236 209 3296 MUL.
231 3238 397 3296 Aderantue
410 3238 459 3296 alii
472 3237 567 3310 otiam,
584 3255 668 3312 opem
682 3233 738 3292 Dei
751 3234 961 3297 desiderantes?

99 3317 203 3376 CAR.
223 3317 308 3376 Unus
321 3317 434 3392 quidem
447 3317 610 3388 Neoclides,
626 3319 675 3392 qui
689 3334 783 3374 coecus
797 3319 906 3389 quidem
921 3320 975 3390 est,
988 3321 1019 3373 at
1030 3316 1156 3378 iurando

61 3398 151 3458 facile
165 3399 292 3457 videntes
305 3407 441 3474 superat;
463 3399 570 3472 aliique
583 3399 667 3457 multi
678 3398 770 3454 omnis
789 3399 899 3472 generis
912 3398 1019 3456 morbis
1035 3401 1155 3472 implici-

61 3483 93 3558 ti.
139 3479 298 3552 Postquam
311 3487 406 3538 autem
424 3482 548 3539 lucernis
569 3479 715 3538 exstinctis
728 3497 781 3536 nos
792 3479 878 3554 jussit
897 3479 1022 3538 dormire
1036 3477 1088 3536 Dei
1104 3483 1155 3536 mi·

62 3564 166 3636 ulster,
181 3561 335 3635 edixitque,
352 3565 393 3630 ut,
407 3562 430 3618 si
444 3563 506 3634 quis
520 3561 642 3619 sonitum
657 3559 787 3633 sentiret,
802 3565 920 3633 taceret,
933 3577 1029 3616 omues
1043 3559 1156 3634 placide

62 3643 260 3702 decubuimus.
304 3639 367 3716 Ego
382 3649 476 3700 autem
490 3643 615 3702 dormire
634 3660 692 3698 non
707 3647 851 3714 poteram,
865 3642 914 3698 sed
931 3659 977 3699 me
995 3642 1082 3714 pultis
1097 3643 1156 3698 olla

62 3714 198 3806 quadam
212 3724 396 3798 percellebat,
413 3723 506 3798 posita
519 3742 578 3780 non
599 3725 702 3798 procul
716 3741 733 3778 a
747 3724 842 3796 capite
862 3723 982 3780 aniculae
995 3721 1153 3797 cujusdam,

61 3805 200 3876 adquam
215 3805 314 3860 misere
327 3802 475 3877 cupiebam
488 3806 634 3878 adrepere.
677 3801 787 3861 Deinde
800 3802 1047 3874 suspiciensvideo
1061 3821 1154 3858 sacer·
1267 3820 1269 3824 ·

63 3886 163 3942 dotem
175 3885 235 3940 liba
255 3902 356 3958 rapere
377 3886 524 3954 etcaricus
547 3887 582 3942 de
595 3901 676 3942 sacra
698 3903 802 3941 mensa.
845 3882 963 3942 Postilla
987 3883 1155 3940 circumibat

17 4027 18 4030 Ἴ
64 3984 130 4022 aras
143 3983 241 4046 omues
254 3965 365 4039 ordine,
380 3963 470 4036 sicubi
482 3966 599 4039 aliquod
613 3963 772 4039 panificium
785 3968 859 4022 esset
871 3963 1002 4022 relictum
1016 3983 1025 4020 r
1053 3966 1155 4022 deinde

17 4044 18 4056 ¹
65 4047 128 4106 haec
143 4039 226 4102 sacro
240 4043 299 4102 ritu
323 4046 466 4104 condebat
478 4049 507 4104 iu
529 4048 670 4108 sacculum
688 4045 820 4119 aliquem.
863 4042 925 4118 Ego
945 4049 1038 4102 autern
1057 4045 1155 4107 existi.

66 4144 145 4208 mans
158 4125 218 4204 jain
233 4124 352 4184 omuino
364 4126 406 4184 las
417 4145 477 4186 esse
491 4121 558 4185 talia
570 4129 675 4198 facere,
688 4128 725 4184 ad
734 4128 820 4182 ollam
831 4126 908 4183 illam
919 4126 1006 4200 pultis
1019 4126 1125 4202 erigor.

107 4201 214 4264 MUL.
235 4204 434 4265 Scelestissime
445 4207 611 4266 bominum!
633 4227 692 4264 nou
706 4207 848 4268 verebaris
863 4205 976 4264 Deum

106 4283 203 4348 CAR.
226 4284 319 4348 Immo
339 4288 468 4376 equidem
492 4289 598 4376 berete,
613 4307 651 4347 oe
673 4289 753 4364 priua
769 4288 806 4346 ad
819 4288 906 4382 oliam
918 4288 1066 4348 accederet
1087 4303 1154 4344 cum
