2875 4984
558 350 731 414 NUBES.
1118 355 1178 414 rat

134 497 218 562 SOC.
241 499 383 563 Minimas
405 523 501 566 serum
515 505 649 568 etherius
662 510 761 568 turbo.

134 581 286 648 STREPS.
307 585 434 646 Turbo?
456 589 512 645 boc
525 607 569 646 me
589 591 726 664 latuerat,
740 588 843 648 Jorem
867 589 999 648 nimirum
1021 605 1079 648 non
1104 606 1176 660 esse,

92 663 139 720 sed
154 680 212 737 pro
229 684 264 722 eo
287 663 444 727 Turbiuem
464 688 540 728 nunc
563 687 692 748 regnare.
734 669 789 728 Sed
802 671 838 728 de
849 673 974 728 tonitrus
996 670 1111 746 fragore
1132 689 1177 730 me

88 745 218 814 nondum
232 747 371 806 docuisti..
1208 775 1216 797 ν

29 845 33 852 ’
130 821 217 883 SOC.
241 825 312 886 Non
326 829 459 889 audivisti
471 849 516 889 me
529 831 581 888 tibi
592 831 686 890 dicere
699 827 801 889 Nubes
814 833 912 907 plenas
924 850 999 911 equa
1020 832 1177 890 incidentes

87 904 118 962 in
132 922 165 962 se
178 906 299 966 invicem
312 910 455 984 fragorem
469 913 552 970 edere
565 919 685 986 propter
697 911 889 972 densitatem?

129 983 288 1047 STREPS.
311 993 384 1064 Age,
398 1010 456 1063 qua
469 993 578 1052 ratione
591 993 650 1050 boc
663 994 769 1066 possim
782 994 920 1054 credere?

128 1064 218 1126 SOU.
242 1072 271 1127 A
287 1075 316 1128 te
338 1073 413 1144 ipso,
428 1080 462 1130 nt
475 1080 505 1130 te
524 1076 646 1131 docebo.
689 1073 883 1147 Nunquamne
907 1071 1104 1131 Panatheuaeis
1124 1071 1177 1132 tibi

89 1148 225 1224 contigit,
241 1157 273 1208 ut
289 1157 318 1212 te
331 1153 474 1226 implesses
485 1155 561 1229 jure,
573 1164 729 1230 posteaque
737 1157 791 1213 tibi
801 1158 965 1214 turbaretur
976 1162 1084 1230 venter,
1094 1155 1178 1228 isque

89 1246 246 1287 concussus
259 1233 356 1290 subito
368 1236 518 1308 strepitum
533 1237 616 1294 edere
626 1235 801 1310 cogeretur?

129 1307 287 1370 STREPS.
310 1310 356 1371 Ita
370 1316 508 1374 mehercle
520 1336 529 1373 ε
552 1324 582 1374 et
596 1317 708 1390 quidem
719 1317 813 1376 statim
823 1317 925 1389 incipit
936 1335 981 1374 me
993 1316 1113 1390 pessime
1125 1315 1177 1375 ba-

90 1389 171 1475 bere,
188 1397 218 1449 et
229 1396 383 1453 turbatur:
404 1403 433 1454 et
442 1395 589 1471 jusculum
609 1398 686 1456 sicut
698 1397 810 1458 tonitru
826 1400 938 1470 strepit,
952 1406 982 1454 et
1002 1398 1177 1455 horrendum

88 1473 194 1554 mugit,
210 1475 314 1532 sensim
328 1478 449 1550 primum
461 1497 520 1554 pou
529 1499 541 1550 ;
564 1479 664 1536 deiude
678 1479 829 1552 subjungit
839 1497 941 1555 papae
949 1499 962 1550 ;
983 1497 1049 1534 mox
1064 1481 1177 1541 demun
1280 1473 1283 1480 '

85 1570 193 1630 papap
215 1574 273 1625 rac;
291 1562 323 1613 et
335 1559 450 1630 quaudo
466 1577 546 1633 caco,
563 1561 647 1633 plane
660 1565 742 1616 touat
751 1577 967 1641 papupuppax,
982 1561 1055 1616 sient
1067 1559 1135 1614 illae.

129 1631 181 1692 So
208 1675 215 1691 .
239 1634 395 1696 Considera
407 1641 505 1715 igitur,
520 1660 535 1697 e
549 1639 663 1698 tantillo
678 1652 777 1698 ventre
791 1658 874 1713 quam
890 1641 1070 1714 vehementer
1088 1657 1178 1713 pepe,

89 1713 189 1772 deris:
211 1715 306 1774 adrem
319 1725 412 1776 autem
436 1720 512 1777 hunc
535 1721 699 1778 immensum
723 1721 870 1793 quomodo
885 1739 942 1778 non
965 1720 1114 1778 verisimile
1135 1727 1179 1777 est

88 1813 195 1868 magno
207 1799 328 1872 strepitu
340 1800 463 1860 tonare?
485 1801 560 1860 Hinc
572 1821 641 1878 ergo
655 1809 684 1860 et
697 1804 813 1860 nomine
825 1801 880 1859 ista
891 1811 1042 1873 BPONTH,
1054 1808 1178 1858 1101³AH

90 1878 360 1942 suntsimiliainter
374 1899 413 1939 se.

130 1955 291 2019 STREPs,
312 1960 368 2020 Sed
379 1962 488 2022 fulmen
513 1961 655 2022 undenam
679 1963 778 2021 venire
801 1961 904 2037 possit,
919 1960 978 2036 igni
998 1956 1176 2018 coruscans?

89 2037 146 2096 hoc
160 2057 208 2096 me
221 2041 293 2101 doce
302 2060 312 2114 ;
335 2049 365 2102 et
378 2043 528 2100 turreiscit
540 2061 593 2102 nos
608 2045 725 2118 feriens,
740 2046 811 2102 alios
832 2045 913 2101 rivos
935 2041 1068 2098 amburit.
1110 2037 1178 2104 Hoc

90 2121 164 2178 enirn
180 2117 298 2196 Jupiter
310 2125 460 2194 manifesto
469 2123 614 2198 jaculatur
627 2127 657 2182 in
671 2126 815 2199 perjuros.
843 2144 847 2156 ·

130 2197 218 2260 SOC.
242 2197 281 2261 Et
294 2205 448 2278 quomodo,
461 2203 480 2260 ὂ
502 2206 591 2276 fatue,
604 2212 635 2264 et
653 2205 768 2264 Saturni
783 2213 916 2279 tempora
937 2203 1078 2273 redolens,
1092 2205 1121 2258 et
1133 2199 1178 2258 ia.

89 2281 174 2340 bellis
188 2280 309 2342 anilibus
322 2285 473 2359 innutrita,
488 2285 512 2343 si
527 2288 658 2362 perjuros
682 2286 761 2360 ierit,
775 2285 930 2358 quomodo,
945 2285 1073 2356 inquam,
1086 2280 1179 2340 Simo·

90 2379 154 2424 nem
169 2375 229 2420 unu
243 2365 408 2440 combussit,
420 2383 513 2439 neque
536 2365 736 2446 Cleonymum,
750 2387 841 2441 nequo
853 2363 1024 2423 Theorumi
1046 2369 1115 2421 sunt
1135 2369 1178 2418 ta.

91 2461 156 2500 meu
172 2443 221 2504 isti
235 2445 316 2504 raldo
329 2445 451 2521 perjuri.
492 2445 545 2507 Sed
557 2449 699 2524 jaculatur
715 2467 798 2507 suum
811 2447 898 2523 ipsius
915 2447 1065 2520 templum,
1079 2451 1109 2502 et
1122 2441 1179 2500 Su.

90 2525 172 2582 nium
187 2525 413 2598 promontorium
427 2529 545 2604 Attica,
561 2537 590 2587 et
603 2545 876 2604 proceresquercus.
918 2525 1048 2593 Quanam
1063 2543 1097 2593 ex
1112 2541 1179 2582 cau·

90 2604 144 2662 sa?
168 2623 229 2680 non
243 2606 317 2664 enim
329 2624 451 2682 quercus
466 2610 562 2684 utique
574 2610 694 2684 pejerat.

131 2681 287 2745 STREPS.
310 2685 438 2746 Nescio:
460 2699 540 2748 recte
552 2697 645 2752 tamen
659 2694 810 2752 autumare
820 2683 889 2751 mibi
900 2686 1013 2752 rideris.
1054 2686 1178 2747 Atrero

91 2767 175 2843 quid,
192 2785 299 2844 quaeso,
312 2778 355 2828 est
367 2769 474 2835 fulmen
488 2769 499 2826 i

132 2847 222 2907 SOC.
244 2847 366 2918 Quando
381 2857 479 2908 ventus
489 2852 584 2908 aridus
598 2869 709 2908 sursum
723 2850 849 2917 sublatus
863 2845 965 2905 inistis
979 2847 1103 2910 inclusus
1116 2844 1179 2905 sue»

91 2930 142 3003 rit,
156 2928 237 2990 iuius
248 2937 297 2992 'eas
307 2932 400 3004 inflat,
414 2938 550 3008 tauquam
562 2935 701 2990 uesicamr
723 2932 825 2992 delude
837 2930 885 2993 ubi
898 2933 1006 2986 suamet
1019 2928 1045 2984 vi
1058 2944 1105 2983 eas
1128 2945 1178 2983 rn-

28 3027 29 3030 ’
92 3013 147 3086 pit,
162 3016 326 3078 extrorsum
339 3011 432 3076 fertur
446 3015 605 3072 concitatus
620 3019 743 3088 propter
756 3010 936 3084 densitatem,
950 3008 1071 3068 stridulo
1087 3007 1185 3089 impes·

91 3101 123 3148 tu
137 3110 172 3148 se
183 3091 278 3164 ipsum
292 3096 472 3152 comburens.

131 3169 290 3232 STREPS.
316 3171 428 3248 Edepol
440 3175 509 3233 mihi
523 3191 642 3247 prorsus
651 3175 724 3232 idem
736 3173 890 3246 aliquando
899 3168 1176 3229 evenitdovialibus.

93 3251 297 3314 ventriculum
319 3255 447 3331 cognatis
474 3259 630 3329 terrebam,
644 3273 728 3330 quem
747 3255 872 3311 incidere
896 3253 1045 3309 emmeram
1069 3251 1178 3324 impru-

92 3335 186 3392 dcnss
207 3336 255 3393 ille
267 3353 337 3393 vero
351 3337 524 3394 inflabatur:
547 3337 647 3394 deinde
660 3343 778 3409 repente
789 3335 897 3392 medius
910 3349 1041 3406 crepans,
1055 3331 1085 3386 in
1099 3333 1178 3404 ipsos

92 3417 196 3474 oculos
210 3415 279 3474 mihi
289 3417 396 3475 lartum
409 3418 568 3492 ejaculatns
582 3415 636 3492 est,
654 3425 685 3475 et
695 3417 797 3480 iaciens
811 3415 975 3472 combussit.

133 3493 261 3558 CHOR.
282 3495 311 3556 0
334 3498 382 3573 qui
405 3500 571 3572 preclaram
586 3498 719 3573 cupivisti
741 3497 907 3571 sapientiam
930 3492 1052 3551 anobis
1076 3491 1176 3563 apisci,

91 3593 182 3651 quam
194 3579 295 3635 beatus
308 3577 385 3636 iuter
398 3581 597 3648 Athenionem,
613 3588 779 3651 ceterosque
791 3575 912 3634 Grecos
925 3575 991 3644 eris,
1006 3572 1029 3628 si
1043 3572 1179 3642 memoria

91 3665 121 3716 et
134 3659 261 3715 studium
275 3658 328 3716 tibi
342 3679 400 3720 uon
418 3661 507 3734 deest,
522 3667 551 3718 et
572 3677 762 3719 erumnarum
787 3657 926 3733 patientia
938 3656 1010 3719 inest
1023 3654 1053 3709 in
1067 3651 1175 3721 cordc;

90 3756 147 3796 uec
162 3738 325 3814 defatigeris
339 3741 383 3798 rel
396 3743 509 3814 stando,
519 3741 564 3798 rel
576 3742 692 3812 eundo;
714 3759 806 3814 ireque
815 3739 905 3814 frigus
920 3737 1037 3793 moleste
1045 3734 1113 3809 fers,
1126 3749 1177 3803 ne·
1294 3735 1298 3749 ¹

90 3838 150 3893 que
164 3821 307 3893 prandere
319 3823 399 3895 cupis
412 3840 421 3893 3
444 3823 513 3879 vino
526 3821 610 3878 etlam
624 3824 760 3896 abstines,
776 3827 804 3878 et
817 3819 978 3896 gymnasiis,
994 3814 1113 3886 aliisque
1131 3813 1177 3883 in.

90 3900 198 3974 eptiis3
221 3905 251 3958 et
260 3900 335 3960 istud
350 3902 487 3976 optimum
501 3920 560 3964 esse
572 3908 665 3976 putas,
681 3903 759 3976 quod
772 3902 884 3974 quidem
899 3898 1001 3960 scitum
1023 3898 1115 3954 virum
1126 3895 1177 3953 de·

91 3985 150 4052 cet,
164 3982 278 4038 vincere
290 3983 421 4040 nimirum
434 3985 518 4042 iactis
531 3991 559 4040 et
573 3984 709 4058 consiliis,
724 3988 753 4041 et
764 3985 862 4058 lingua
877 3977 1040 4056 pugnaudo.

134 4059 294 4122 STREPS.
315 4063 373 4122 Sed
390 4066 426 4124 de
440 4067 528 4123 corde
548 4065 623 4123 duro
646 4072 676 4126 et
697 4064 865 4139 praefracto,
878 4061 1031 4134 studioque
1054 4063 1085 4117 et
1105 4073 1176 4115 cura

93 4159 227 4200 somnum
243 4135 437 4216 obturbante3
459 4148 526 4205 item
540 4153 639 4206 ventre
658 4163 757 4222 parco,
770 4147 915 4217 uitamque
934 4138 1133 4212 discrucianto,
1146 4141 1178 4207 et

94 4224 140 4292 yet
167 4224 301 4300 thymbra
316 4232 465 4302 contento,
478 4225 565 4286 neris
585 4229 743 4288 sollicitune
776 4243 843 4290 uam
863 4243 899 4289 eo
918 4224 1032 4293 nomine
1045 4239 1090 4280 ms
1102 4235 1177 4309 ρων
1252 4306 1254 4309 ¹
1350 4268 1358 4283 .,

92 4303 164 4362 bere
176 4305 293 4380 possim,
308 4315 342 4368 ut
354 4307 458 4373 terrum
471 4309 500 4371 ln
513 4327 557 4370 me
571 4309 688 4369 cudant.

175 4402 245 4446 von.
267 4403 312 4449 rr.
634 4409 656 4448 x
