<?xml version="1.0" encoding="UTF-8"?>
<!DOCTYPE html PUBLIC "-//W3C//DTD XHTML 1.0 Transitional//EN"
    "http://www.w3.org/TR/xhtml1/DTD/xhtml1-transitional.dtd">
<html xmlns="http://www.w3.org/1999/xhtml" xml:lang="en" lang="en">
 <head>
  <title>
</title>
<meta http-equiv="Content-Type" content="text/html;charset=utf-8" />
  <meta name='ocr-system' content='tesseract 3.04.00' />
  <meta name='ocr-capabilities' content='ocr_page ocr_carea ocr_par ocr_line ocrx_word'/>
</head>
<body>
  <div class='ocr_page' id='page_1' title='image "aristophaniscom00brungoog_0279.png"; bbox 0 0 2875 4984; ppageno 0'>
   <div class='ocr_carea' id='block_1_1' title="bbox 499 374 1159 477">
    <p class='ocr_par' dir='ltr' id='par_1_1' title="bbox 499 374 1159 477">
     <span class='ocr_line' id='line_1_1' title="bbox 499 374 1159 477; baseline 0.015 -12"><span class='ocrx_word' id='word_1_1' title='bbox 499 400 739 477; x_wconf 74' lang='lat' dir='ltr'>rourues.</span> <span class='ocrx_word' id='word_1_2' title='bbox 868 374 873 382; x_wconf 73' lang='grc'><em>’</em></span> <span class='ocrx_word' id='word_1_3' title='bbox 1098 419 1159 477; x_wconf 76' lang='lat' dir='ltr'>sn</span> 
     </span>
    </p>
   </div>
   <div class='ocr_carea' id='block_1_2' title="bbox 45 525 1160 641">
    <p class='ocr_par' dir='ltr' id='par_1_2' title="bbox 45 525 1160 641">
     <span class='ocr_line' id='line_1_2' title="bbox 45 525 1160 641; baseline 0.012 -23"><span class='ocrx_word' id='word_1_4' title='bbox 45 565 107 633; x_wconf 86' lang='lat' dir='ltr'>tur,</span> <span class='ocrx_word' id='word_1_5' title='bbox 122 576 174 617; x_wconf 87' lang='lat' dir='ltr'>rue</span> <span class='ocrx_word' id='word_1_6' title='bbox 199 558 312 617; x_wconf 76' lang='lat' dir='ltr'>videre</span> <span class='ocrx_word' id='word_1_7' title='bbox 334 525 532 619; x_wconf 69' lang='lat' dir='ltr'>dissimulans.</span> <span class='ocrx_word' id='word_1_8' title='bbox 553 564 656 625; x_wconf 86' lang='lat' dir='ltr'>deiude</span> <span class='ocrx_word' id='word_1_9' title='bbox 675 584 851 641; x_wconf 68' lang='lat' dir='ltr'>quecunque</span> <span class='ocrx_word' id='word_1_10' title='bbox 868 570 1160 632; x_wconf 78' lang='lat' dir='ltr'>demetriumtisue·</span> 
     </span>
    </p>
   </div>
   <div class='ocr_carea' id='block_1_3' title="bbox 45 643 1161 780">
    <p class='ocr_par' dir='ltr' id='par_1_3' title="bbox 45 643 1161 780">
     <span class='ocr_line' id='line_1_3' title="bbox 45 643 1161 779; baseline 0.017 -83"><span class='ocrx_word' id='word_1_11' title='bbox 45 643 116 779; x_wconf 53' lang='grc' dir='ltr'>ιίιιῐιἐ</span> <span class='ocrx_word' id='word_1_12' title='bbox 136 658 223 717; x_wconf 82' lang='lat' dir='ltr'>cogo</span> <span class='ocrx_word' id='word_1_13' title='bbox 238 658 298 704; x_wconf 79' lang='lat' dir='ltr'>eos</span> <span class='ocrx_word' id='word_1_14' title='bbox 311 658 405 699; x_wconf 86' lang='lat' dir='ltr'>rursus</span> <span class='ocrx_word' id='word_1_15' title='bbox 420 660 560 717; x_wconf 79' lang='lat' dir='ltr'>evomere,</span> <span class='ocrx_word' id='word_1_16' title='bbox 574 664 682 707; x_wconf 73' lang='lat' dir='ltr'>murum</span> <span class='ocrx_word' id='word_1_17' title='bbox 695 650 737 707; x_wconf 82' lang='lat' dir='ltr'>eis</span> <span class='ocrx_word' id='word_1_18' title='bbox 749 668 805 724; x_wconf 83' lang='lat' dir='ltr'>pro</span> <span class='ocrx_word' id='word_1_19' title='bbox 818 652 963 724; x_wconf 86' lang='lat' dir='ltr'>specillo</span> <span class='ocrx_word' id='word_1_20' title='bbox 954 670 985 711; x_wconf 89' lang='grc' dir='ltr'>ιιι</span> <span class='ocrx_word' id='word_1_21' title='bbox 997 655 1116 729; x_wconf 78' lang='lat' dir='ltr'>guttur</span> <span class='ocrx_word' id='word_1_22' title='bbox 1107 672 1161 715; x_wconf 85' lang='lat' dir='ltr'>rur·</span> 
     </span>
     <span class='ocr_line' id='line_1_4' title="bbox 46 738 181 780; baseline 0.016 -3"><span class='ocrx_word' id='word_1_23' title='bbox 46 738 86 778; x_wconf 88' lang='grc' dir='ltr'><strong>ιιιι</strong></span> <span class='ocrx_word' id='word_1_24' title='bbox 113 740 181 780; x_wconf 85' lang='lat' dir='ltr'>ens.</span> 
     </span>
    </p>
   </div>
   <div class='ocr_carea' id='block_1_4' title="bbox 238 930 991 1017">
    <p class='ocr_par' dir='ltr' id='par_1_4' title="bbox 238 930 991 1017">
     <span class='ocr_line' id='line_1_5' title="bbox 238 930 991 1017; baseline 0.012 -27"><span class='ocrx_word' id='word_1_25' title='bbox 238 930 364 1009; x_wconf 74' lang='lat' dir='ltr'>CLEO,</span> <span class='ocrx_word' id='word_1_26' title='bbox 386 930 620 1011; x_wconf 77' lang='lat' dir='ltr'>lSICIARIUS,</span> <span class='ocrx_word' id='word_1_27' title='bbox 640 932 793 1017; x_wconf 81' lang='lat' dir='ltr'>DEMUS,</span> <span class='ocrx_word' id='word_1_28' title='bbox 815 936 991 1002; x_wconf 82' lang='lat' dir='ltr'>CHORUS.</span> 
     </span>
    </p>
   </div>
   <div class='ocr_carea' id='block_1_5' title="bbox 53 1114 1211 1918">
    <p class='ocr_par' dir='ltr' id='par_1_5' title="bbox 93 1114 863 1179">
     <span class='ocr_line' id='line_1_6' title="bbox 93 1114 863 1179; baseline 0.003 -2"><span class='ocrx_word' id='word_1_29' title='bbox 93 1114 230 1177; x_wconf 85' lang='lat' dir='ltr'>CLEO.</span> <span class='ocrx_word' id='word_1_30' title='bbox 256 1116 319 1175; x_wconf 84' lang='lat' dir='ltr'>Abi</span> <span class='ocrx_word' id='word_1_31' title='bbox 334 1116 401 1175; x_wconf 87' lang='lat' dir='ltr'>hinc</span> <span class='ocrx_word' id='word_1_32' title='bbox 415 1117 446 1175; x_wconf 88' lang='lat' dir='ltr'>in</span> <span class='ocrx_word' id='word_1_33' title='bbox 458 1119 611 1179; x_wconf 83' lang='lat' dir='ltr'>maximam</span> <span class='ocrx_word' id='word_1_34' title='bbox 624 1120 726 1177; x_wconf 83' lang='lat' dir='ltr'>malam</span> <span class='ocrx_word' id='word_1_35' title='bbox 740 1137 863 1179; x_wconf 87' lang='lat' dir='ltr'>crucem.</span> 
     </span>
    </p>

    <p class='ocr_par' dir='ltr' id='par_1_6' title="bbox 93 1196 541 1272">
     <span class='ocr_line' id='line_1_7' title="bbox 93 1196 541 1272; baseline 0.002 -15"><span class='ocrx_word' id='word_1_36' title='bbox 93 1198 145 1257; x_wconf 90' lang='lat' dir='ltr'>IS.</span> <span class='ocrx_word' id='word_1_37' title='bbox 168 1196 225 1256; x_wconf 88' lang='lat' dir='ltr'>Tu</span> <span class='ocrx_word' id='word_1_38' title='bbox 241 1198 406 1272; x_wconf 69' lang='lat' dir='ltr'>quideme</span> <span class='ocrx_word' id='word_1_39' title='bbox 422 1201 541 1272; x_wconf 86' lang='lat' dir='ltr'>perdite.</span> 
     </span>
    </p>

    <p class='ocr_par' dir='ltr' id='par_1_7' title="bbox 53 1276 1166 1420">
     <span class='ocr_line' id='line_1_8' title="bbox 95 1276 1166 1363; baseline 0.007 -26"><span class='ocrx_word' id='word_1_40' title='bbox 95 1276 232 1337; x_wconf 87' lang='lat' dir='ltr'>CLEO.</span> <span class='ocrx_word' id='word_1_41' title='bbox 261 1278 291 1337; x_wconf 93' lang='lat'>0</span> <span class='ocrx_word' id='word_1_42' title='bbox 305 1277 406 1337; x_wconf 86' lang='lat' dir='ltr'>Deme.</span> <span class='ocrx_word' id='word_1_43' title='bbox 428 1276 491 1355; x_wconf 80' lang='lat' dir='ltr'>Ego</span> <span class='ocrx_word' id='word_1_44' title='bbox 505 1280 618 1357; x_wconf 89' lang='lat' dir='ltr'>quidem</span> <span class='ocrx_word' id='word_1_45' title='bbox 639 1284 770 1363; x_wconf 81' lang='lat' dir='ltr'>paratus</span> <span class='ocrx_word' id='word_1_46' title='bbox 768 1282 917 1341; x_wconf 86' lang='lat' dir='ltr'>terdudum</span> <span class='ocrx_word' id='word_1_47' title='bbox 928 1282 1025 1359; x_wconf 87' lang='lat' dir='ltr'>sedeo,</span> <span class='ocrx_word' id='word_1_48' title='bbox 1048 1285 1166 1363; x_wconf 64' lang='lat' dir='ltr'>cuphus</span> 
     </span>
     <span class='ocr_line' id='line_1_9' title="bbox 53 1360 322 1420; baseline -0.015 0"><span class='ocrx_word' id='word_1_49' title='bbox 53 1360 108 1420; x_wconf 88' lang='lat' dir='ltr'>tibi</span> <span class='ocrx_word' id='word_1_50' title='bbox 123 1360 322 1419; x_wconf 79' lang='lat' dir='ltr'>benefacere.</span> 
     </span>
    </p>

    <p class='ocr_par' dir='ltr' id='par_1_8' title="bbox 57 1438 1166 1594">
     <span class='ocr_line' id='line_1_10' title="bbox 96 1438 1166 1525; baseline 0.007 -27"><span class='ocrx_word' id='word_1_51' title='bbox 96 1440 144 1499; x_wconf 92' lang='grc'>18.</span> <span class='ocrx_word' id='word_1_52' title='bbox 169 1438 243 1515; x_wconf 78' lang='lat' dir='ltr'>Ego</span> <span class='ocrx_word' id='word_1_53' title='bbox 258 1458 329 1498; x_wconf 80' lang='lat' dir='ltr'>vero</span> <span class='ocrx_word' id='word_1_54' title='bbox 338 1439 428 1499; x_wconf 84' lang='lat' dir='ltr'>decies</span> <span class='ocrx_word' id='word_1_55' title='bbox 438 1441 557 1514; x_wconf 88' lang='lat' dir='ltr'>dudum,</span> <span class='ocrx_word' id='word_1_56' title='bbox 569 1449 598 1499; x_wconf 89' lang='lat' dir='ltr'>et</span> <span class='ocrx_word' id='word_1_57' title='bbox 608 1442 760 1502; x_wconf 77' lang='lat' dir='ltr'>duodecies</span> <span class='ocrx_word' id='word_1_58' title='bbox 769 1444 887 1519; x_wconf 81' lang='lat' dir='ltr'>dudum,</span> <span class='ocrx_word' id='word_1_59' title='bbox 897 1449 926 1501; x_wconf 86' lang='lat' dir='ltr'>et</span> <span class='ocrx_word' id='word_1_60' title='bbox 935 1443 1035 1503; x_wconf 89' lang='lat' dir='ltr'>millies</span> <span class='ocrx_word' id='word_1_61' title='bbox 1045 1446 1166 1525; x_wconf 86' lang='lat' dir='ltr'>dudum,</span> 
     </span>
     <span class='ocr_line' id='line_1_11' title="bbox 57 1520 606 1594; baseline 0 -14"><span class='ocrx_word' id='word_1_62' title='bbox 57 1526 87 1580; x_wconf 90' lang='lat' dir='ltr'>et</span> <span class='ocrx_word' id='word_1_63' title='bbox 101 1526 196 1579; x_wconf 81' lang='lat' dir='ltr'>sntea</span> <span class='ocrx_word' id='word_1_64' title='bbox 210 1522 340 1590; x_wconf 89' lang='lat' dir='ltr'>dudum,</span> <span class='ocrx_word' id='word_1_65' title='bbox 355 1520 474 1594; x_wconf 88' lang='lat' dir='ltr'>dudum,</span> <span class='ocrx_word' id='word_1_66' title='bbox 489 1522 606 1580; x_wconf 90' lang='lat' dir='ltr'>dudum.</span> 
     </span>
    </p>

    <p class='ocr_par' dir='ltr' id='par_1_9' title="bbox 58 1599 1211 1758">
     <span class='ocr_line' id='line_1_12' title="bbox 100 1599 1211 1685; baseline 0.007 -25"><span class='ocrx_word' id='word_1_67' title='bbox 100 1600 212 1660; x_wconf 81' lang='lat' dir='ltr'>DEM.</span> <span class='ocrx_word' id='word_1_68' title='bbox 239 1599 307 1677; x_wconf 85' lang='lat' dir='ltr'>Ego</span> <span class='ocrx_word' id='word_1_69' title='bbox 319 1618 389 1658; x_wconf 84' lang='lat' dir='ltr'>rero</span> <span class='ocrx_word' id='word_1_70' title='bbox 403 1610 570 1675; x_wconf 78' lang='lat' dir='ltr'>exspectans</span> <span class='ocrx_word' id='word_1_71' title='bbox 584 1603 678 1663; x_wconf 79' lang='lat' dir='ltr'>tricies</span> <span class='ocrx_word' id='word_1_72' title='bbox 691 1602 794 1663; x_wconf 89' lang='lat' dir='ltr'>mrllres</span> <span class='ocrx_word' id='word_1_73' title='bbox 802 1603 909 1662; x_wconf 89' lang='lat' dir='ltr'>dudum</span> <span class='ocrx_word' id='word_1_74' title='bbox 918 1623 1050 1665; x_wconf 83' lang='lat' dir='ltr'>exsecror</span> <span class='ocrx_word' id='word_1_75' title='bbox 1063 1625 1126 1685; x_wconf 87' lang='lat' dir='ltr'>ros,</span> <span class='ocrx_word' id='word_1_76' title='bbox 1135 1615 1167 1669; x_wconf 83' lang='lat' dir='ltr'>et</span> <span class='ocrx_word' id='word_1_77' title='bbox 1206 1609 1211 1617; x_wconf 86' lang='lat'><em>&#39;</em></span> 
     </span>
     <span class='ocr_line' id='line_1_13' title="bbox 58 1682 551 1758; baseline -0.004 -17"><span class='ocrx_word' id='word_1_78' title='bbox 58 1692 147 1742; x_wconf 80' lang='lat' dir='ltr'>antes</span> <span class='ocrx_word' id='word_1_79' title='bbox 161 1684 289 1758; x_wconf 89' lang='lat' dir='ltr'>dudum,</span> <span class='ocrx_word' id='word_1_80' title='bbox 302 1682 420 1754; x_wconf 89' lang='lat' dir='ltr'>dudum,</span> <span class='ocrx_word' id='word_1_81' title='bbox 434 1682 551 1741; x_wconf 90' lang='lat' dir='ltr'>dudum.</span> 
     </span>
    </p>

    <p class='ocr_par' dir='ltr' id='par_1_10' title="bbox 101 1762 557 1838">
     <span class='ocr_line' id='line_1_14' title="bbox 101 1762 557 1838; baseline -0.004 -14"><span class='ocrx_word' id='word_1_82' title='bbox 101 1764 152 1823; x_wconf 85' lang='lat' dir='ltr'>IS.</span> <span class='ocrx_word' id='word_1_83' title='bbox 176 1764 264 1823; x_wconf 86' lang='lat' dir='ltr'>Scin&#39;</span> <span class='ocrx_word' id='word_1_84' title='bbox 280 1781 349 1838; x_wconf 85' lang='lat' dir='ltr'>ergo</span> <span class='ocrx_word' id='word_1_85' title='bbox 362 1764 431 1835; x_wconf 79' lang='lat' dir='ltr'>quid</span> <span class='ocrx_word' id='word_1_86' title='bbox 445 1762 557 1822; x_wconf 69' lang='lat' dir='ltr'>tucru’</span> 
     </span>
    </p>

    <p class='ocr_par' dir='ltr' id='par_1_11' title="bbox 102 1842 693 1918">
     <span class='ocr_line' id='line_1_15' title="bbox 102 1842 693 1918; baseline 0.002 -16"><span class='ocrx_word' id='word_1_87' title='bbox 102 1842 215 1903; x_wconf 79' lang='lat' dir='ltr'>DEM.</span> <span class='ocrx_word' id='word_1_88' title='bbox 240 1844 271 1902; x_wconf 93' lang='grc'>81</span> <span class='ocrx_word' id='word_1_89' title='bbox 287 1842 421 1918; x_wconf 81' lang='lat' dir='ltr'>nesciam,</span> <span class='ocrx_word' id='word_1_90' title='bbox 437 1852 469 1900; x_wconf 91' lang='lat' dir='ltr'>tu</span> <span class='ocrx_word' id='word_1_91' title='bbox 482 1846 510 1901; x_wconf 89' lang='lat' dir='ltr'>id</span> <span class='ocrx_word' id='word_1_92' title='bbox 524 1842 592 1902; x_wconf 89' lang='lat' dir='ltr'>mihi</span> <span class='ocrx_word' id='word_1_93' title='bbox 604 1843 693 1903; x_wconf 90' lang='lat' dir='ltr'>dices.</span> 
     </span>
    </p>
   </div>
   <div class='ocr_carea' id='block_1_6' title="bbox 63 1907 1169 2065">
    <p class='ocr_par' dir='ltr' id='par_1_12' title="bbox 63 1907 1169 2065">
     <span class='ocr_line' id='line_1_16' title="bbox 102 1907 1169 2006; baseline 0.008 -24"><span class='ocrx_word' id='word_1_94' title='bbox 102 1924 150 1984; x_wconf 92' lang='lat' dir='ltr'>IS.</span> <span class='ocrx_word' id='word_1_95' title='bbox 174 1924 316 1984; x_wconf 88' lang='lat' dir='ltr'>Jubeme</span> <span class='ocrx_word' id='word_1_96' title='bbox 328 1924 450 1983; x_wconf 86' lang='lat' dir='ltr'>simulet</span> <span class='ocrx_word' id='word_1_97' title='bbox 461 1923 559 2001; x_wconf 86' lang='lat' dir='ltr'>istum,</span> <span class='ocrx_word' id='word_1_98' title='bbox 571 1931 706 2001; x_wconf 78' lang='lat' dir='ltr'>tanquam</span> <span class='ocrx_word' id='word_1_99' title='bbox 719 1907 907 1988; x_wconf 80' lang='lat' dir='ltr'>ecercerilsus</span> <span class='ocrx_word' id='word_1_100' title='bbox 916 1927 1026 2004; x_wconf 87' lang='lat' dir='ltr'>missos,</span> <span class='ocrx_word' id='word_1_101' title='bbox 1039 1947 1076 1989; x_wconf 83' lang='lat' dir='ltr'>ex</span> <span class='ocrx_word' id='word_1_102' title='bbox 1085 1948 1169 2006; x_wconf 74' lang='lat' dir='ltr'>equo</span> 
     </span>
     <span class='ocr_line' id='line_1_17' title="bbox 63 2006 323 2065; baseline 0.008 -4"><span class='ocrx_word' id='word_1_103' title='bbox 63 2006 117 2062; x_wconf 90' lang='lat' dir='ltr'>tibi</span> <span class='ocrx_word' id='word_1_104' title='bbox 134 2006 323 2065; x_wconf 80' lang='lat' dir='ltr'>benefacere.</span> 
     </span>
    </p>
   </div>
   <div class='ocr_carea' id='block_1_7' title="bbox 70 2084 1188 4341">
    <p class='ocr_par' dir='ltr' id='par_1_13' title="bbox 106 2084 809 2226">
     <span class='ocr_line' id='line_1_18' title="bbox 106 2084 809 2162; baseline 0.001 -18"><span class='ocrx_word' id='word_1_105' title='bbox 106 2086 216 2145; x_wconf 81' lang='lat' dir='ltr'>DEM.</span> <span class='ocrx_word' id='word_1_106' title='bbox 243 2084 311 2145; x_wconf 85' lang='lat' dir='ltr'>Hoc</span> <span class='ocrx_word' id='word_1_107' title='bbox 324 2104 408 2162; x_wconf 79' lang='lat' dir='ltr'>agere</span> <span class='ocrx_word' id='word_1_108' title='bbox 420 2103 467 2143; x_wconf 89' lang='lat' dir='ltr'>me</span> <span class='ocrx_word' id='word_1_109' title='bbox 480 2102 533 2161; x_wconf 80' lang='lat' dir='ltr'>par</span> <span class='ocrx_word' id='word_1_110' title='bbox 546 2090 599 2143; x_wconf 87' lang='lat' dir='ltr'>est.</span> <span class='ocrx_word' id='word_1_111' title='bbox 643 2085 809 2145; x_wconf 82' lang='lat' dir='ltr'>Abscedite.</span> 
     </span>
     <span class='ocr_line' id='line_1_19' title="bbox 106 2165 272 2226; baseline -0.006 -1"><span class='ocrx_word' id='word_1_112' title='bbox 106 2166 153 2226; x_wconf 82' lang='grc'>18.</span> <span class='ocrx_word' id='word_1_113' title='bbox 177 2165 272 2225; x_wconf 82' lang='lat' dir='ltr'>Ecce.</span> 
     </span>
    </p>

    <p class='ocr_par' dir='ltr' id='par_1_14' title="bbox 108 2245 443 2321">
     <span class='ocr_line' id='line_1_20' title="bbox 108 2245 443 2321; baseline -0.006 -16"><span class='ocrx_word' id='word_1_114' title='bbox 108 2246 219 2305; x_wconf 76' lang='lat' dir='ltr'>DEM.</span> <span class='ocrx_word' id='word_1_115' title='bbox 244 2246 363 2307; x_wconf 85' lang='lat' dir='ltr'>Currite</span> <span class='ocrx_word' id='word_1_116' title='bbox 373 2245 443 2321; x_wconf 85' lang='lat' dir='ltr'>jam.</span> 
     </span>
    </p>

    <p class='ocr_par' dir='ltr' id='par_1_15' title="bbox 109 2326 950 2399">
     <span class='ocr_line' id='line_1_21' title="bbox 109 2326 950 2399; baseline -0.004 -13"><span class='ocrx_word' id='word_1_117' title='bbox 109 2326 246 2387; x_wconf 84' lang='lat' dir='ltr'>CLEO.</span> <span class='ocrx_word' id='word_1_118' title='bbox 268 2328 400 2385; x_wconf 85' lang='lat' dir='ltr'>Subrerti</span> <span class='ocrx_word' id='word_1_119' title='bbox 414 2327 488 2385; x_wconf 83' lang='lat' dir='ltr'>haud</span> <span class='ocrx_word' id='word_1_120' title='bbox 503 2345 547 2385; x_wconf 86' lang='lat' dir='ltr'>me</span> <span class='ocrx_word' id='word_1_121' title='bbox 560 2327 660 2385; x_wconf 84' lang='lat' dir='ltr'>sinum.</span> <span class='ocrx_word' id='word_1_122' title='bbox 947 2396 950 2399; x_wconf 8' lang='grc' dir='ltr'><strong><em>ἢ</em></strong></span> 
     </span>
    </p>

    <p class='ocr_par' dir='ltr' id='par_1_16' title="bbox 72 2406 1169 2561">
     <span class='ocr_line' id='line_1_22' title="bbox 110 2406 1169 2490; baseline 0.006 -24"><span class='ocrx_word' id='word_1_123' title='bbox 110 2406 219 2485; x_wconf 71' lang='lat' dir='ltr'>DEM.</span> <span class='ocrx_word' id='word_1_124' title='bbox 245 2407 381 2467; x_wconf 84' lang='lat' dir='ltr'>Proiecto</span> <span class='ocrx_word' id='word_1_125' title='bbox 396 2410 495 2466; x_wconf 84' lang='lat' dir='ltr'>beatus</span> <span class='ocrx_word' id='word_1_126' title='bbox 507 2427 558 2468; x_wconf 88' lang='lat' dir='ltr'>ero</span> <span class='ocrx_word' id='word_1_127' title='bbox 573 2408 683 2483; x_wconf 85' lang='lat' dir='ltr'>oppido</span> <span class='ocrx_word' id='word_1_128' title='bbox 696 2406 782 2467; x_wconf 89' lang='lat' dir='ltr'>hodie</span> <span class='ocrx_word' id='word_1_129' title='bbox 793 2413 950 2469; x_wconf 79' lang='lat' dir='ltr'>amatorum</span> <span class='ocrx_word' id='word_1_130' title='bbox 972 2408 1077 2470; x_wconf 88' lang='lat' dir='ltr'>horum</span> <span class='ocrx_word' id='word_1_131' title='bbox 1099 2430 1169 2490; x_wconf 80' lang='lat' dir='ltr'>ope·</span> 
     </span>
     <span class='ocr_line' id='line_1_23' title="bbox 72 2490 448 2561; baseline 0.003 -16"><span class='ocrx_word' id='word_1_132' title='bbox 72 2507 115 2561; x_wconf 85' lang='lat' dir='ltr'>ra,</span> <span class='ocrx_word' id='word_1_133' title='bbox 131 2490 187 2547; x_wconf 91' lang='lat' dir='ltr'>nisi</span> <span class='ocrx_word' id='word_1_134' title='bbox 202 2490 320 2547; x_wconf 81' lang='lat' dir='ltr'>delicies</span> <span class='ocrx_word' id='word_1_135' title='bbox 333 2490 448 2547; x_wconf 79' lang='lat' dir='ltr'>taciem.</span> 
     </span>
    </p>

    <p class='ocr_par' dir='ltr' id='par_1_17' title="bbox 113 2568 949 2644">
     <span class='ocr_line' id='line_1_24' title="bbox 113 2568 949 2644; baseline 0 -16"><span class='ocrx_word' id='word_1_136' title='bbox 113 2568 167 2628; x_wconf 85' lang='lat' dir='ltr'>CI</span> <span class='ocrx_word' id='word_1_137' title='bbox 170 2570 249 2628; x_wconf 87' lang='grc' dir='ltr'>ΕΟ.</span> <span class='ocrx_word' id='word_1_138' title='bbox 271 2568 396 2629; x_wconf 87' lang='lat' dir='ltr'>Viden&#39;.</span> <span class='ocrx_word' id='word_1_139' title='bbox 389 2569 400 2602; x_wconf 78' lang='lat'>²</span> <span class='ocrx_word' id='word_1_140' title='bbox 421 2588 475 2644; x_wconf 89' lang='lat' dir='ltr'>ego</span> <span class='ocrx_word' id='word_1_141' title='bbox 489 2570 540 2627; x_wconf 91' lang='lat' dir='ltr'>tibi</span> <span class='ocrx_word' id='word_1_142' title='bbox 555 2568 636 2641; x_wconf 86' lang='lat' dir='ltr'>prior</span> <span class='ocrx_word' id='word_1_143' title='bbox 649 2568 742 2626; x_wconf 81' lang='lat' dir='ltr'>extuli</span> <span class='ocrx_word' id='word_1_144' title='bbox 754 2570 852 2627; x_wconf 82' lang='lat' dir='ltr'>sellem</span> <span class='ocrx_word' id='word_1_145' title='bbox 865 2571 949 2628; x_wconf 88' lang='lat' dir='ltr'>hauc.</span> 
     </span>
    </p>

    <p class='ocr_par' dir='ltr' id='par_1_18' title="bbox 113 2648 1016 2723">
     <span class='ocr_line' id='line_1_25' title="bbox 113 2648 1016 2723; baseline -0.002 -14"><span class='ocrx_word' id='word_1_146' title='bbox 113 2648 165 2709; x_wconf 90' lang='lat' dir='ltr'>IS.</span> <span class='ocrx_word' id='word_1_147' title='bbox 187 2652 235 2709; x_wconf 76' lang='lat' dir='ltr'>At</span> <span class='ocrx_word' id='word_1_148' title='bbox 248 2670 308 2708; x_wconf 88' lang='lat' dir='ltr'>non</span> <span class='ocrx_word' id='word_1_149' title='bbox 321 2668 444 2709; x_wconf 84' lang='lat' dir='ltr'>mensem</span> <span class='ocrx_word' id='word_1_150' title='bbox 459 2660 509 2707; x_wconf 85' lang='lat' dir='ltr'>tu:</span> <span class='ocrx_word' id='word_1_151' title='bbox 532 2666 630 2707; x_wconf 85' lang='lat' dir='ltr'>verum</span> <span class='ocrx_word' id='word_1_152' title='bbox 644 2666 698 2723; x_wconf 82' lang='lat' dir='ltr'>ego</span> <span class='ocrx_word' id='word_1_153' title='bbox 714 2650 805 2705; x_wconf 90' lang='lat' dir='ltr'>multo</span> <span class='ocrx_word' id='word_1_154' title='bbox 821 2650 901 2721; x_wconf 87' lang='lat' dir='ltr'>prior</span> <span class='ocrx_word' id='word_1_155' title='bbox 913 2651 1016 2709; x_wconf 81' lang='lat' dir='ltr'>extuli.</span> 
     </span>
    </p>

    <p class='ocr_par' dir='ltr' id='par_1_19' title="bbox 77 2729 1170 2889">
     <span class='ocr_line' id='line_1_26' title="bbox 114 2729 1170 2809; baseline 0.003 -20"><span class='ocrx_word' id='word_1_156' title='bbox 114 2729 242 2791; x_wconf 80' lang='lat' dir='ltr'>CLEO.</span> <span class='ocrx_word' id='word_1_157' title='bbox 285 2730 361 2789; x_wconf 89' lang='lat' dir='ltr'>Ecce</span> <span class='ocrx_word' id='word_1_158' title='bbox 374 2750 427 2806; x_wconf 84' lang='lat' dir='ltr'>ego</span> <span class='ocrx_word' id='word_1_159' title='bbox 441 2730 503 2789; x_wconf 84' lang='lat' dir='ltr'>iero</span> <span class='ocrx_word' id='word_1_160' title='bbox 516 2730 567 2787; x_wconf 89' lang='lat' dir='ltr'>tibi</span> <span class='ocrx_word' id='word_1_161' title='bbox 582 2730 657 2787; x_wconf 85' lang='lat' dir='ltr'>hene</span> <span class='ocrx_word' id='word_1_162' title='bbox 670 2744 786 2803; x_wconf 79' lang='lat' dir='ltr'>parram</span> <span class='ocrx_word' id='word_1_163' title='bbox 799 2745 917 2807; x_wconf 70' lang='lat' dir='ltr'>mnam,</span> <span class='ocrx_word' id='word_1_164' title='bbox 928 2748 964 2789; x_wconf 87' lang='lat' dir='ltr'>ex</span> <span class='ocrx_word' id='word_1_165' title='bbox 975 2730 1053 2789; x_wconf 78' lang='lat' dir='ltr'>farre</span> <span class='ocrx_word' id='word_1_166' title='bbox 1062 2731 1156 2791; x_wconf 94' lang='lat' dir='ltr'>illo</span> <span class='ocrx_word' id='word_1_167' title='bbox 1125 2751 1170 2809; x_wconf 86' lang='lat' dir='ltr'>pr-</span> 
     </span>
     <span class='ocr_line' id='line_1_27' title="bbox 77 2808 512 2889; baseline -0.007 -21"><span class='ocrx_word' id='word_1_168' title='bbox 77 2818 161 2886; x_wconf 72' lang='lat' dir='ltr'>etam,</span> <span class='ocrx_word' id='word_1_169' title='bbox 176 2814 257 2886; x_wconf 89' lang='lat' dir='ltr'>quod</span> <span class='ocrx_word' id='word_1_170' title='bbox 272 2831 307 2869; x_wconf 88' lang='lat' dir='ltr'>ex</span> <span class='ocrx_word' id='word_1_171' title='bbox 321 2810 397 2889; x_wconf 80' lang='lat' dir='ltr'>Pylo</span> <span class='ocrx_word' id='word_1_172' title='bbox 411 2808 512 2869; x_wconf 84' lang='lat' dir='ltr'>adtuli.</span> 
     </span>
    </p>

    <p class='ocr_par' dir='ltr' id='par_1_20' title="bbox 115 2888 1188 2971">
     <span class='ocr_line' id='line_1_28' title="bbox 115 2888 1188 2971; baseline 0.001 -21"><span class='ocrx_word' id='word_1_173' title='bbox 115 2892 162 2951; x_wconf 92' lang='grc'>18.</span> <span class='ocrx_word' id='word_1_174' title='bbox 187 2893 253 2969; x_wconf 82' lang='lat' dir='ltr'>Ego</span> <span class='ocrx_word' id='word_1_175' title='bbox 266 2911 334 2951; x_wconf 80' lang='lat' dir='ltr'>sero</span> <span class='ocrx_word' id='word_1_176' title='bbox 347 2893 419 2949; x_wconf 84' lang='lat' dir='ltr'>offas</span> <span class='ocrx_word' id='word_1_177' title='bbox 435 2890 528 2965; x_wconf 84' lang='lat' dir='ltr'>panis,</span> <span class='ocrx_word' id='word_1_178' title='bbox 543 2906 613 2963; x_wconf 83' lang='lat' dir='ltr'>qnae</span> <span class='ocrx_word' id='word_1_179' title='bbox 627 2889 795 2949; x_wconf 77' lang='lat' dir='ltr'>excusarit</span> <span class='ocrx_word' id='word_1_180' title='bbox 786 2909 849 2964; x_wconf 87' lang='lat' dir='ltr'>rpsa</span> <span class='ocrx_word' id='word_1_181' title='bbox 860 2888 922 2948; x_wconf 83' lang='lat' dir='ltr'>Dee</span> <span class='ocrx_word' id='word_1_182' title='bbox 934 2907 1021 2949; x_wconf 79' lang='lat' dir='ltr'>manu</span> <span class='ocrx_word' id='word_1_183' title='bbox 1032 2893 1166 2954; x_wconf 74' lang='lat' dir='ltr'>eburnea.</span> <span class='ocrx_word' id='word_1_184' title='bbox 1184 2966 1188 2971; x_wconf 88' lang='lat'>.</span> 
     </span>
    </p>

    <p class='ocr_par' dir='ltr' id='par_1_21' title="bbox 70 2969 1041 3069">
     <span class='ocr_line' id='line_1_29' title="bbox 70 2969 1041 3069; baseline -0.002 -37.9"><span class='ocrx_word' id='word_1_185' title='bbox 70 2970 224 3032; x_wconf 82' lang='lat' dir='ltr'><strong>‘D.EM</strong></span> <span class='ocrx_word' id='word_1_186' title='bbox 246 2972 341 3041; x_wconf 82' lang='lat' dir='ltr'>Quom</span> <span class='ocrx_word' id='word_1_187' title='bbox 355 2990 489 3069; x_wconf 41' lang='lat' dir='ltr'>megenum·</span> <span class='ocrx_word' id='word_1_188' title='bbox 501 2989 569 3046; x_wconf 82' lang='lat' dir='ltr'>ergo</span> <span class='ocrx_word' id='word_1_189' title='bbox 582 2969 700 3044; x_wconf 80' lang='lat' dir='ltr'>digitum</span> <span class='ocrx_word' id='word_1_190' title='bbox 714 2970 813 3046; x_wconf 84' lang='lat' dir='ltr'>trebes,</span> <span class='ocrx_word' id='word_1_191' title='bbox 829 2972 847 3030; x_wconf 85' lang='grc' dir='ltr'><strong>ὂ</strong></span> <span class='ocrx_word' id='word_1_192' title='bbox 862 2972 1041 3030; x_wconf 81' lang='lat' dir='ltr'>veneranda!</span> 
     </span>
    </p>

    <p class='ocr_par' dir='ltr' id='par_1_22' title="bbox 82 3050 1171 3209">
     <span class='ocr_line' id='line_1_30' title="bbox 118 3050 1171 3130; baseline 0 -19"><span class='ocrx_word' id='word_1_193' title='bbox 118 3052 242 3113; x_wconf 83' lang='lat' dir='ltr'><strong>CLEO.</strong></span> <span class='ocrx_word' id='word_1_194' title='bbox 260 3052 327 3129; x_wconf 84' lang='lat' dir='ltr'>Ego</span> <span class='ocrx_word' id='word_1_195' title='bbox 342 3072 440 3111; x_wconf 85' lang='lat' dir='ltr'>reroe</span> <span class='ocrx_word' id='word_1_196' title='bbox 463 3054 529 3127; x_wconf 89' lang='lat' dir='ltr'>pisis</span> <span class='ocrx_word' id='word_1_197' title='bbox 553 3052 658 3125; x_wconf 87' lang='lat' dir='ltr'>pultem</span> <span class='ocrx_word' id='word_1_198' title='bbox 682 3050 754 3107; x_wconf 92' lang='lat' dir='ltr'>boni</span> <span class='ocrx_word' id='word_1_199' title='bbox 776 3050 882 3110; x_wconf 92' lang='lat' dir='ltr'>coloris</span> <span class='ocrx_word' id='word_1_200' title='bbox 904 3058 934 3111; x_wconf 89' lang='lat' dir='ltr'>et</span> <span class='ocrx_word' id='word_1_201' title='bbox 955 3056 1071 3130; x_wconf 82' lang='lat' dir='ltr'>bonam,</span> <span class='ocrx_word' id='word_1_202' title='bbox 1085 3070 1171 3127; x_wconf 83' lang='lat' dir='ltr'>quam</span> 
     </span>
     <span class='ocr_line' id='line_1_31' title="bbox 82 3130 918 3209; baseline 0 -18"><span class='ocrx_word' id='word_1_203' title='bbox 82 3134 254 3194; x_wconf 80' lang='lat' dir='ltr'>ludiculevit</span> <span class='ocrx_word' id='word_1_204' title='bbox 267 3133 370 3209; x_wconf 80' lang='lat' dir='ltr'>Pallae,</span> <span class='ocrx_word' id='word_1_205' title='bbox 384 3133 467 3207; x_wconf 89' lang='lat' dir='ltr'>cujus</span> <span class='ocrx_word' id='word_1_206' title='bbox 479 3132 612 3207; x_wconf 76' lang='lat' dir='ltr'>auspiciis</span> <span class='ocrx_word' id='word_1_207' title='bbox 628 3130 732 3207; x_wconf 88' lang='lat' dir='ltr'>Pylum</span> <span class='ocrx_word' id='word_1_208' title='bbox 745 3131 918 3209; x_wconf 75' lang='lat' dir='ltr'>expugnari.</span> 
     </span>
    </p>

    <p class='ocr_par' dir='ltr' id='par_1_23' title="bbox 81 3210 1171 3372">
     <span class='ocr_line' id='line_1_32' title="bbox 121 3210 1171 3287; baseline -0.001 -15"><span class='ocrx_word' id='word_1_209' title='bbox 121 3214 169 3274; x_wconf 86' lang='lat' dir='ltr'>IS.</span> <span class='ocrx_word' id='word_1_210' title='bbox 194 3216 223 3275; x_wconf 94' lang='grc' dir='ltr'>Ο</span> <span class='ocrx_word' id='word_1_211' title='bbox 240 3215 338 3285; x_wconf 87' lang='lat' dir='ltr'>Deme,</span> <span class='ocrx_word' id='word_1_212' title='bbox 352 3215 546 3273; x_wconf 78' lang='lat' dir='ltr'>menitestote</span> <span class='ocrx_word' id='word_1_213' title='bbox 560 3213 673 3287; x_wconf 86' lang='lat' dir='ltr'>respicit</span> <span class='ocrx_word' id='word_1_214' title='bbox 685 3210 771 3271; x_wconf 90' lang='lat' dir='ltr'>Dea</span> <span class='ocrx_word' id='word_1_215' title='bbox 794 3232 873 3272; x_wconf 91' lang='lat' dir='ltr'>nuuc</span> <span class='ocrx_word' id='word_1_216' title='bbox 885 3214 970 3272; x_wconf 79' lang='lat' dir='ltr'>etram</span> <span class='ocrx_word' id='word_1_217' title='bbox 984 3217 1062 3273; x_wconf 85' lang='lat' dir='ltr'>tenet</span> <span class='ocrx_word' id='word_1_218' title='bbox 1084 3215 1171 3271; x_wconf 80' lang='lat' dir='ltr'>ollem</span> 
     </span>
     <span class='ocr_line' id='line_1_33' title="bbox 81 3297 435 3372; baseline 0 -20"><span class='ocrx_word' id='word_1_219' title='bbox 81 3310 171 3369; x_wconf 83' lang='lat' dir='ltr'>supra</span> <span class='ocrx_word' id='word_1_220' title='bbox 184 3304 215 3354; x_wconf 91' lang='lat' dir='ltr'>te</span> <span class='ocrx_word' id='word_1_221' title='bbox 225 3297 300 3372; x_wconf 87' lang='lat' dir='ltr'>juris</span> <span class='ocrx_word' id='word_1_222' title='bbox 314 3298 435 3370; x_wconf 79' lang='lat' dir='ltr'>plenam</span> 
     </span>
    </p>

    <p class='ocr_par' dir='ltr' id='par_1_24' title="bbox 84 3373 1170 3531">
     <span class='ocr_line' id='line_1_34' title="bbox 124 3373 1170 3451; baseline 0.002 -18"><span class='ocrx_word' id='word_1_223' title='bbox 124 3375 229 3436; x_wconf 81' lang='lat' dir='ltr'>DDM.</span> <span class='ocrx_word' id='word_1_224' title='bbox 252 3376 374 3437; x_wconf 82' lang='lat' dir='ltr'>Putasne</span> <span class='ocrx_word' id='word_1_225' title='bbox 387 3375 460 3433; x_wconf 78' lang='lat' dir='ltr'>hene</span> <span class='ocrx_word' id='word_1_226' title='bbox 472 3375 568 3432; x_wconf 88' lang='lat' dir='ltr'>urbem</span> <span class='ocrx_word' id='word_1_227' title='bbox 582 3373 705 3433; x_wconf 83' lang='lat' dir='ltr'>habitari</span> <span class='ocrx_word' id='word_1_228' title='bbox 719 3374 847 3449; x_wconf 87' lang='lat' dir='ltr'>potuisse</span> <span class='ocrx_word' id='word_1_229' title='bbox 860 3375 1021 3447; x_wconf 78' lang='lat' dir='ltr'>tamdiu,</span> <span class='ocrx_word' id='word_1_230' title='bbox 992 3374 1046 3433; x_wconf 86' lang='lat' dir='ltr'>ursi</span> <span class='ocrx_word' id='word_1_231' title='bbox 1058 3376 1170 3451; x_wconf 85' lang='lat' dir='ltr'>perspi·</span> 
     </span>
     <span class='ocr_line' id='line_1_35' title="bbox 84 3452 574 3531; baseline 0 -20"><span class='ocrx_word' id='word_1_232' title='bbox 84 3472 136 3513; x_wconf 89' lang='lat' dir='ltr'>cue</span> <span class='ocrx_word' id='word_1_233' title='bbox 150 3459 239 3515; x_wconf 81' lang='lat' dir='ltr'>ollam</span> <span class='ocrx_word' id='word_1_234' title='bbox 253 3474 339 3531; x_wconf 78' lang='lat' dir='ltr'>supra</span> <span class='ocrx_word' id='word_1_235' title='bbox 352 3475 405 3515; x_wconf 91' lang='lat' dir='ltr'>nos</span> <span class='ocrx_word' id='word_1_236' title='bbox 419 3452 574 3515; x_wconf 74' lang='lat' dir='ltr'>tenuisset?</span> 
     </span>
    </p>

    <p class='ocr_par' dir='ltr' id='par_1_25' title="bbox 123 3532 1136 3611">
     <span class='ocr_line' id='line_1_36' title="bbox 123 3532 1136 3611; baseline -0.004 -16"><span class='ocrx_word' id='word_1_237' title='bbox 123 3534 248 3597; x_wconf 85' lang='lat' dir='ltr'>CLEO.</span> <span class='ocrx_word' id='word_1_238' title='bbox 268 3536 333 3599; x_wconf 84' lang='lat' dir='ltr'>Hoc</span> <span class='ocrx_word' id='word_1_239' title='bbox 347 3538 471 3595; x_wconf 79' lang='lat' dir='ltr'>frustum</span> <span class='ocrx_word' id='word_1_240' title='bbox 486 3536 569 3611; x_wconf 85' lang='lat' dir='ltr'>piscis</span> <span class='ocrx_word' id='word_1_241' title='bbox 580 3536 656 3593; x_wconf 88' lang='lat' dir='ltr'>dedit</span> <span class='ocrx_word' id='word_1_242' title='bbox 667 3536 719 3592; x_wconf 89' lang='lat' dir='ltr'>tibi</span> <span class='ocrx_word' id='word_1_243' title='bbox 733 3532 795 3593; x_wconf 81' lang='lat' dir='ltr'>Dea</span> <span class='ocrx_word' id='word_1_244' title='bbox 807 3534 935 3611; x_wconf 83' lang='lat' dir='ltr'>iugetrix</span> <span class='ocrx_word' id='word_1_245' title='bbox 948 3533 1136 3598; x_wconf 86' lang='lat' dir='ltr'>exercituum.</span> 
     </span>
    </p>

    <p class='ocr_par' dir='ltr' id='par_1_26' title="bbox 85 3615 1172 3771">
     <span class='ocr_line' id='line_1_37' title="bbox 124 3615 1172 3693; baseline -0.003 -17"><span class='ocrx_word' id='word_1_246' title='bbox 124 3618 172 3678; x_wconf 90' lang='lat' dir='ltr'>IS.</span> <span class='ocrx_word' id='word_1_247' title='bbox 197 3620 237 3677; x_wconf 74' lang='lat' dir='ltr'>At</span> <span class='ocrx_word' id='word_1_248' title='bbox 251 3617 344 3693; x_wconf 84' lang='lat' dir='ltr'>Virgo</span> <span class='ocrx_word' id='word_1_249' title='bbox 357 3619 478 3690; x_wconf 81' lang='lat' dir='ltr'>patrima</span> <span class='ocrx_word' id='word_1_250' title='bbox 492 3636 604 3674; x_wconf 84' lang='lat' dir='ltr'>carnem</span> <span class='ocrx_word' id='word_1_251' title='bbox 628 3617 658 3673; x_wconf 90' lang='lat' dir='ltr'>in</span> <span class='ocrx_word' id='word_1_252' title='bbox 677 3615 742 3691; x_wconf 90' lang='lat' dir='ltr'>jure</span> <span class='ocrx_word' id='word_1_253' title='bbox 765 3615 901 3692; x_wconf 80' lang='lat' dir='ltr'>elixum,&#39;</span> <span class='ocrx_word' id='word_1_254' title='bbox 893 3623 961 3674; x_wconf 91' lang='lat' dir='ltr'>rtem</span> <span class='ocrx_word' id='word_1_255' title='bbox 983 3615 1121 3692; x_wconf 88' lang='lat' dir='ltr'>intestini,</span> <span class='ocrx_word' id='word_1_256' title='bbox 1143 3620 1172 3675; x_wconf 90' lang='lat' dir='ltr'>et</span> 
     </span>
     <span class='ocr_line' id='line_1_38' title="bbox 85 3698 547 3771; baseline -0.004 -14"><span class='ocrx_word' id='word_1_257' title='bbox 85 3702 185 3771; x_wconf 87' lang='lat' dir='ltr'>omasi,</span> <span class='ocrx_word' id='word_1_258' title='bbox 209 3707 240 3759; x_wconf 89' lang='lat' dir='ltr'>et</span> <span class='ocrx_word' id='word_1_259' title='bbox 252 3698 404 3756; x_wconf 86' lang='lat' dir='ltr'>ventriculi</span> <span class='ocrx_word' id='word_1_260' title='bbox 417 3698 547 3755; x_wconf 83' lang='lat' dir='ltr'>frustum.</span> 
     </span>
    </p>

    <p class='ocr_par' dir='ltr' id='par_1_27' title="bbox 125 3777 855 3852">
     <span class='ocr_line' id='line_1_39' title="bbox 125 3777 855 3852; baseline -0.003 -16"><span class='ocrx_word' id='word_1_261' title='bbox 125 3779 227 3839; x_wconf 83' lang='lat' dir='ltr'>DEM.</span> <span class='ocrx_word' id='word_1_262' title='bbox 249 3779 374 3838; x_wconf 86' lang='lat' dir='ltr'>Pulchre</span> <span class='ocrx_word' id='word_1_263' title='bbox 386 3780 505 3852; x_wconf 83' lang='lat' dir='ltr'>gratiam</span> <span class='ocrx_word' id='word_1_264' title='bbox 520 3777 630 3845; x_wconf 86' lang='lat' dir='ltr'>retulit,</span> <span class='ocrx_word' id='word_1_265' title='bbox 645 3778 723 3851; x_wconf 85' lang='lat' dir='ltr'>pepli</span> <span class='ocrx_word' id='word_1_266' title='bbox 737 3795 855 3835; x_wconf 89' lang='lat' dir='ltr'>memor.</span> 
     </span>
    </p>

    <p class='ocr_par' dir='ltr' id='par_1_28' title="bbox 86 3857 1174 4079">
     <span class='ocr_line' id='line_1_40' title="bbox 126 3857 1170 3934; baseline -0.001 -16"><span class='ocrx_word' id='word_1_267' title='bbox 126 3858 248 3918; x_wconf 83' lang='lat' dir='ltr'>CLEO.</span> <span class='ocrx_word' id='word_1_268' title='bbox 270 3858 418 3934; x_wconf 71' lang='lat' dir='ltr'>Gorgonis</span> <span class='ocrx_word' id='word_1_269' title='bbox 431 3857 524 3931; x_wconf 87' lang='lat' dir='ltr'>capite</span> <span class='ocrx_word' id='word_1_270' title='bbox 538 3862 567 3913; x_wconf 85' lang='lat' dir='ltr'>et</span> <span class='ocrx_word' id='word_1_271' title='bbox 581 3858 666 3915; x_wconf 83' lang='lat' dir='ltr'>criste</span> <span class='ocrx_word' id='word_1_272' title='bbox 679 3858 794 3932; x_wconf 86' lang='lat' dir='ltr'>insignis</span> <span class='ocrx_word' id='word_1_273' title='bbox 808 3858 870 3916; x_wconf 84' lang='lat' dir='ltr'>Dee</span> <span class='ocrx_word' id='word_1_274' title='bbox 884 3862 913 3917; x_wconf 85' lang='lat' dir='ltr'>to</span> <span class='ocrx_word' id='word_1_275' title='bbox 926 3857 1074 3917; x_wconf 86' lang='lat' dir='ltr'>comedere</span> <span class='ocrx_word' id='word_1_276' title='bbox 1085 3857 1170 3934; x_wconf 87' lang='lat' dir='ltr'>jubet</span> 
     </span>
     <span class='ocr_line' id='line_1_41' title="bbox 86 3935 1174 4015; baseline 0.001 -19"><span class='ocrx_word' id='word_1_277' title='bbox 86 3940 121 3997; x_wconf 92' lang='lat' dir='ltr'>de</span> <span class='ocrx_word' id='word_1_278' title='bbox 133 3941 188 3999; x_wconf 81' lang='lat' dir='ltr'>hec</span> <span class='ocrx_word' id='word_1_279' title='bbox 202 3943 334 4015; x_wconf 81' lang='lat' dir='ltr'>placente</span> <span class='ocrx_word' id='word_1_280' title='bbox 346 3943 374 3997; x_wconf 89' lang='lat' dir='ltr'>in</span> <span class='ocrx_word' id='word_1_281' title='bbox 387 3941 504 4013; x_wconf 82' lang='lat' dir='ltr'>longum</span> <span class='ocrx_word' id='word_1_282' title='bbox 517 3936 616 4014; x_wconf 84' lang='lat' dir='ltr'>ducto,</span> <span class='ocrx_word' id='word_1_283' title='bbox 631 3945 663 3997; x_wconf 87' lang='lat' dir='ltr'>ut</span> <span class='ocrx_word' id='word_1_284' title='bbox 686 3956 778 3997; x_wconf 85' lang='lat' dir='ltr'>remos</span> <span class='ocrx_word' id='word_1_285' title='bbox 803 3940 937 3999; x_wconf 86' lang='lat' dir='ltr'>ducamus</span> <span class='ocrx_word' id='word_1_286' title='bbox 960 3946 990 3998; x_wconf 91' lang='lat' dir='ltr'>et</span> <span class='ocrx_word' id='word_1_287' title='bbox 1009 3935 1174 4015; x_wconf 80' lang='lat' dir='ltr'>navigemus&#39;</span> 
     </span>
     <span class='ocr_line' id='line_1_42' title="bbox 88 4024 243 4079; baseline 0.013 -2"><span class='ocrx_word' id='word_1_288' title='bbox 88 4024 243 4079; x_wconf 88' lang='lat' dir='ltr'>commode.</span> 
     </span>
    </p>

    <p class='ocr_par' dir='ltr' id='par_1_29' title="bbox 127 4092 460 4175">
     <span class='ocr_line' id='line_1_43' title="bbox 127 4092 460 4175; baseline 0.003 -18"><span class='ocrx_word' id='word_1_289' title='bbox 127 4100 174 4159; x_wconf 91' lang='lat' dir='ltr'>IS.</span> <span class='ocrx_word' id='word_1_290' title='bbox 196 4101 266 4160; x_wconf 84' lang='lat' dir='ltr'>Haec</span> <span class='ocrx_word' id='word_1_291' title='bbox 279 4092 363 4159; x_wconf 74' lang='lat' dir='ltr'>etium</span> <span class='ocrx_word' id='word_1_292' title='bbox 380 4118 460 4175; x_wconf 84' lang='lat' dir='ltr'>cape.</span> 
     </span>
    </p>

    <p class='ocr_par' dir='ltr' id='par_1_30' title="bbox 127 4178 730 4253">
     <span class='ocr_line' id='line_1_44' title="bbox 127 4178 730 4253; baseline -0.002 -14"><span class='ocrx_word' id='word_1_293' title='bbox 127 4178 227 4240; x_wconf 77' lang='lat' dir='ltr'>DEM.</span> <span class='ocrx_word' id='word_1_294' title='bbox 250 4181 287 4239; x_wconf 87' lang='lat' dir='ltr'>Et</span> <span class='ocrx_word' id='word_1_295' title='bbox 299 4183 365 4253; x_wconf 91' lang='lat' dir='ltr'>quid</span> <span class='ocrx_word' id='word_1_296' title='bbox 379 4184 437 4239; x_wconf 90' lang='lat' dir='ltr'>istis</span> <span class='ocrx_word' id='word_1_297' title='bbox 451 4180 553 4239; x_wconf 82' lang='lat' dir='ltr'>taciem</span> <span class='ocrx_word' id='word_1_298' title='bbox 566 4178 730 4239; x_wconf 79' lang='lat' dir='ltr'>intestinis?</span> 
     </span>
    </p>

    <p class='ocr_par' dir='ltr' id='par_1_31' title="bbox 129 4258 1177 4341">
     <span class='ocr_line' id='line_1_45' title="bbox 129 4258 1177 4341; baseline 0.003 -23"><span class='ocrx_word' id='word_1_299' title='bbox 129 4258 173 4324; x_wconf 89' lang='grc'>18.</span> <span class='ocrx_word' id='word_1_300' title='bbox 194 4262 239 4323; x_wconf 80' lang='lat' dir='ltr'>Ee</span> <span class='ocrx_word' id='word_1_301' title='bbox 252 4262 305 4323; x_wconf 87' lang='lat' dir='ltr'>tibi</span> <span class='ocrx_word' id='word_1_302' title='bbox 319 4264 453 4327; x_wconf 87' lang='lat' dir='ltr'>consulto</span> <span class='ocrx_word' id='word_1_303' title='bbox 466 4263 541 4321; x_wconf 84' lang='lat' dir='ltr'>misit</span> <span class='ocrx_word' id='word_1_304' title='bbox 553 4260 625 4341; x_wconf 85' lang='lat' dir='ltr'>Dea,</span> <span class='ocrx_word' id='word_1_305' title='bbox 640 4262 675 4319; x_wconf 83' lang='lat' dir='ltr'>ad</span> <span class='ocrx_word' id='word_1_306' title='bbox 689 4259 912 4322; x_wconf 83' lang='lat' dir='ltr'>statuminandas</span> <span class='ocrx_word' id='word_1_307' title='bbox 925 4262 1096 4323; x_wconf 84' lang='lat' dir='ltr'>intrinsecus</span> <span class='ocrx_word' id='word_1_308' title='bbox 1118 4279 1177 4328; x_wconf 59' lang='grc' dir='ltr'><strong>ιιι.</strong></span> 
     </span>
    </p>
   </div>
   <div class='ocr_carea' id='block_1_8' title="bbox 0 0 1454 4984">
    <p class='ocr_par' dir='ltr' id='par_1_32' title="bbox 0 0 1454 4984">
     <span class='ocr_line' id='line_1_46' title="bbox 0 0 1454 4984; baseline 0 0"><span class='ocrx_word' id='word_1_309' title='bbox 0 0 1454 4984; x_wconf 95' lang='lat' dir='ltr'> </span> 
     </span>
    </p>
   </div>
  </div>
 </body>
</html>
