2875 4984
396 346 796 417 ACHARNENSES·
1085 348 1169 418 ,2⁸⁹

47 504 76 565 si
97 506 170 581 quis
193 509 415 586 melopeponrm
429 510 507 570 forts
526 510 646 585 sileret,
660 517 709 570 ent
727 510 915 585 lepusculum,
928 508 1163 587 sutporcellnm,

48 596 105 645 ant
117 589 241 663 allium,
263 597 315 649 ent
334 591 434 649 micum
450 592 528 663 selis,
540 586 697 668 Megarice
716 593 778 651 dec
791 598 873 667 suut,
885 591 1012 664 ciebunt,
1024 598 1054 649 ct
1066 609 1165 658 corrp-

46 674 104 739 ptu
118 672 330 731 vendebantur
348 672 448 733 οοάουι
460 672 517 731 dic.
559 674 658 747 Atque
671 674 732 733 hec
745 674 857 747 quidem
871 674 944 731 ieris
955 678 986 731 et
998 673 1162 731 rernscnln.

46 748 105 807 Sed
115 766 201 807 vero
214 751 375 811 Simaetlsnm
389 756 564 813 meretricem
573 754 698 827 profecti
712 752 833 829 Megara
844 755 1035 813 adolescentes
1050 754 1164 825 quitum

46 829 125 889 clam
141 832 272 905 rapiunt
283 834 375 893 ebriis
392 835 518 908 pestills
529 832 711 909 Megarenses
721 835 996 893 doloreexscerbeti
1007 836 1079 891 dnus
1091 852 1163 893 eor·

45 914 95 967 trs
108 914 286 987 surripiunt
298 917 459 973 meretrices
471 914 623 973 familiares
635 916 784 989 Aspnsiae:
806 923 836 972 et
849 914 914 973 inde
927 918 1041 991 occepit
1057 915 1163 972 bellum

45 1008 216 1081 erumpere
225 993 335 1053 Graecis
349 994 499 1067 universis,
512 1015 549 1055 cr
561 998 651 1056 tribur
669 999 784 1070 inquom
796 997 909 1056 scortis.
950 994 1027 1054 Hinc
1039 994 1163 1053 Pericles

43 1072 97 1128 ulle
111 1071 282 1153 Olympius
298 1094 357 1149 pree
371 1077 519 1134 iracundie
533 1077 714 1152 fulminabat,
729 1081 858 1150 tonabat,
872 1079 1064 1135 conturbsbnt
1077 1073 1163 1135 Grae·

44 1151 138 1245 cmm,
156 1157 239 1231 leges
259 1157 370 1214 ferebat
388 1159 543 1219 scoliornm
564 1160 600 1217 nd
619 1162 781 1233 exemplum
801 1161 935 1232 scriptos,
956 1164 991 1215 ut
1010 1156 1162 1231 Megaren-

43 1232 131 1291 srbus
164 1255 223 1294 nec
242 1237 273 1293 in
286 1238 386 1295 Attico
403 1237 530 1313 regione,
546 1258 598 1297 nec
610 1240 639 1297 in
653 1240 733 1314 foro,
747 1258 800 1299 nec
814 1240 843 1297 in
857 1239 969 1312 insulis,
983 1257 1037 1307 mcc
1048 1239 1079 1295 in
1092 1256 1163 1297 con-

44 1314 163 1375 tinenti
187 1320 287 1377 liceret
299 1338 422 1379 menese.
465 1319 540 1377 Tum
553 1340 622 1379 rere
640 1320 834 1395 Megarenses,
847 1339 936 1393 quum
946 1320 1007 1395 jem
1019 1317 1164 1379 esurirent

44 1398 175 1470 sensim,
192 1396 423 1459 Lacedaemonios
442 1409 575 1474 orarunt,
590 1410 624 1459 ut
642 1420 740 1459 eurum
762 1422 818 1476 ope
837 1404 982 1460 decretum
996 1401 1163 1469 immutare-

46 1480 98 1533 tur
113 1478 195 1537 illrnl
210 1489 329 1555 propter
341 1486 439 1541 scorto
451 1481 557 1539 factum
572 1501 580 1539 ε
601 1490 633 1539 st
648 1486 787 1541 noluimus
807 1500 871 1549 nos,
885 1483 941 1539 illis
961 1476 1038 1554 saepe
1059 1480 1162 1554 depre-

47 1560 209 1617 cantibus.
250 1560 329 1619 Hinc
351 1562 412 1636 jum
432 1562 568 1636 strepitus
594 1581 738 1621 armorum
758 1564 951 1621 exoriebatur.
993 1559 1083 1619 Dicet
1103 1561 1162 1629 ets·-

49 1642 145 1712 quz'r:
174 1638 245 1699 tlon
257 1647 402 1720 oportuit.
447 1640 565 1717 Verum,
584 1645 655 1719 quid
672 1647 819 1722 oportuit,
839 1645 939 1702 dicite.
980 1641 1010 1701 sl
1025 1641 1088 1713 quis
1102 1638 1162 1697 Le·

50 1720 302 1780 cedeemoniornm
325 1724 472 1797 profectus
493 1725 569 1797 neri,
593 1741 645 1798 per
668 1726 838 1783 columniam
860 1723 997 1797 Seriphiis
1017 1723 1161 1780 edemtunr

48 1800 237 1860 uendidisset
256 1805 399 1876 entellum,
414 1804 589 1865 redissetisnc
608 1806 696 1872 demi,
709 1805 843 1879 neglectis
857 1802 1016 1878 Seriphiisi
1036 1803 1162 1861 multum

51 1891 136 1939 certe
153 1885 255 1940 abest:
277 1884 365 1943 immo
378 1902 463 1958 quam
483 1886 614 1943 citissime
626 1885 811 1946 deduxissetie
824 1902 907 1943 neres
920 1891 1074 1955 trecentus,
1088 1883 1160 1940 fuis·

48 1969 163 2036 setque
178 1964 247 2023 urbs
262 1966 346 2039 plene
357 1966 482 2023 tumultu
501 1964 633 2039 militum,
650 1967 822 2028 clamoribus
834 1967 870 2022 de
884 1965 1039 2023 triremium
1050 1963 1160 2038 eligen-

50 2040 96 2101 dis
118 2044 280 2119 prefectis,
294 2048 415 2120 strepitn
429 2045 572 2120 stipendis
584 2046 796 2129 accipientium,
812 2045 941 2103 Pelusia
951 2044 1158 2115 deserentium,

50 2126 241 2183 tendentium
263 2145 294 2185 se
309 2127 461 2185 confertim
480 2128 510 2185 in
530 2129 683 2200 perticum,
709 2126 758 2183 ubi
776 2126 972 2185 admetiuntur
991 2125 1157 2184 frumentur

51 2207 146 2277 plene
167 2209 292 2281 utribus,
312 2212 483 2266 scalmorum
501 2210 582 2281 loris,
595 2208 680 2265 cados
693 2209 862 2281 ementibus,
874 2207 958 2279 nlliis,
970 2207 1065 2281 olivis,
1080 2203 1159 2277 cepis

51 2284 81 2340 in
95 2285 239 2360 reticulis,
255 2291 381 2363 corollis,
395 2289 525 2363 sardinis,
548 2288 683 2359 tibicinis,
697 2288 844 2364 suggillisr
866 2290 966 2345 nursle
978 2304 1047 2345 rere
1060 2301 1159 2344 ennon

49 2367 175 2437 plenum
189 2368 286 2427 suisset
303 2372 385 2445 lignis
404 2372 440 2427 ed
460 2369 642 2431 fnlsricnudos
662 2388 756 2429 remos
768 2370 855 2443 sptis,
871 2369 959 2426 claris
976 2366 1159 2439 sumentibus,

53 2448 147 2507 curiis
168 2450 320 2524 ferumine,
334 2468 386 2525 per
407 2470 469 2526 quus
491 2454 561 2510 remi
580 2458 760 2523 exseruntur,
781 2450 987 2525 munientibus,
1005 2448 1095 2520 tibiis,
1111 2464 1159 2508 cc·

52 2526 170 2589 leusms
183 2534 360 2605 canentibus,
374 2533 564 2592 incitamentis
578 2544 609 2590 et
619 2535 709 2590 sibilie
719 2533 730 2589 Ξ
742 2533 803 2589 scio
816 2535 915 2604 ntique
927 2531 990 2587 hec
1003 2548 1053 2589 ros
1063 2529 1158 2587 fectu.

53 2626 105 2667 ros
120 2611 232 2671 fuisse:
257 2612 418 2691 Telephum
433 2620 530 2671 eutem
545 2632 603 2672 nnn
613 2614 690 2673 idem
700 2610 982 2689 putamussecere?
1001 2612 1086 2667 nodie
1097 2611 1157 2667 ito·

52 2706 110 2763 que
126 2711 212 2751 merse
222 2713 281 2753 uon
294 2698 382 2753 incrt.
749 2739 753 2748 .
942 2686 946 2691 ⁴

96 2771 196 2832 SEM.
218 2774 327 2835 Siccine
350 2792 431 2845 vero,
447 2774 465 2832 d
480 2774 600 2849 perdite,
612 2778 641 2831 et
654 2768 866 2845 impurissime?
888 2770 949 2827 herc
962 2775 1006 2838 tu,
1015 2769 1065 2843 qni
1077 2786 1156 2828 men·

53 2850 141 2913 dicus
154 2873 197 2929 es,
211 2857 297 2915 eudes
317 2856 348 2915 in
360 2874 414 2915 nos
430 2856 536 2932 dicere,
550 2865 579 2915 et
590 2854 762 2930 exprobres,
774 2853 798 2910 si
816 2854 878 2926 quis
890 2852 967 2908 inter
979 2868 1033 2909 nos
1043 2849 1100 2907 fnit
1113 2848 1156 2907 ri.

54 2934 212 3009 tiligntori

97 3016 194 3077 SEM.
216 3014 263 3075 ltu
274 3036 319 3075 me
332 3015 488 3093 Neptunus
500 3022 587 3087 umet,
598 3031 780 3089 quecunque
792 3012 864 3074 dicit
881 3010 961 3087 jusu
979 3016 1092 3075 suntet
1104 3029 1154 3071 re·

54 3112 100 3169 re,
115 3098 248 3173 nihilque
260 3099 407 3157 mentitur.

97 3176 193 3238 SEM.
216 3176 343 3254 Ergone,
356 3181 380 3236 si
389 3178 471 3255 juste
481 3182 574 3251 erent,
587 3176 663 3235 huuc
674 3192 708 3233 es
721 3174 816 3233 dicere
827 3171 1005 3249 oportebat?
1027 3174 1076 3234 sed
1090 3192 1156 3233 cnm

56 3259 781 3421 11]ιέἓῖἷὶῃῖἒῖεἲ],ὴῖιιοοιὲιιιξίἰξςηιιῗιῖθὲῗηώίεἰ
803 3354 868 3396 nem
888 3337 912 3393 si
931 3335 1059 3408 percutis
1077 3334 1156 3401 lsnnc

55 3418 164 3492 sirum,
179 3421 242 3497 ipse
253 3439 321 3478 mox
334 3422 458 3480 sublimis
470 3421 592 3494 rapiere.

97 3500 196 3561 SEM.
217 3502 252 3560 ln
274 3501 428 3576 Lamacho,
448 3504 478 3559 io
497 3502 597 3575 fulgur
617 3501 748 3557 emittens
761 3497 862 3564 oculis,
875 3495 920 3555 fer
934 3513 1030 3569 opem,
1043 3493 1156 3567 ndes,d

58 3582 201 3641 terrificus
221 3584 321 3641 cristus
339 3585 423 3641 celeri
442 3582 574 3655 quatiens
597 3587 690 3648 metu,
704 3579 737 3635 io
752 3578 905 3649 hnuucbe,
919 3575 939 3633 ὂ
953 3576 1054 3649 amice,
1067 3574 1086 3631 d
1101 3573 1156 3631 tri·

59 3661 159 3722 hulisr
182 3671 241 3721 turn
255 3666 278 3721 si
292 3662 356 3736 quis
376 3672 419 3722 est
439 3664 577 3737 manipuli
593 3662 709 3734 ductor,
726 3669 778 3718 eut
789 3660 849 3717 dur
862 3659 1017 3729 exercitus,
1029 3657 1088 3713 sire
1101 3671 1157 3728 op.

60 3749 211 3819 pugnator
224 3747 370 3815 moenium,
386 3763 510 3818 propere
523 3747 672 3803 succurret
684 3742 808 3813 sliquis3
829 3757 895 3798 nem
906 3739 1012 3797 medius
1025 3743 1135 3793 teneor.

103 3824 205 3883 Lnnt.
226 3825 312 3883 Unde
324 3829 476 3895 clemonem
488 3825 583 3883 audiri
595 3822 752 3884 bellicum?
774 3821 822 3879 uisi
835 3820 956 3892 anxilio,
971 3819 1021 3877 nbi
1035 3816 1156 3875 tumultu

60 3903 142 3963 facto
155 3911 199 3963 est
212 3906 304 3980 opus?
327 3907 390 3979 quis
403 3905 569 3981 Gorgonem
583 3924 600 3962 e
613 3906 695 3963 theca
707 3904 842 3961 excitarit
855 3899 966 3959 meum?

102 3984 195 4045 SEM.
215 3986 246 4044 0
261 3986 403 4049 Lumnche
416 3989 511 4061 heros,
526 3987 677 4047 cristerum
691 3992 722 4043 et
734 3984 936 4043 colsertium-

103 4064 195 4126 SEM.
217 4066 246 4126 0
261 4067 414 4145 lumeelre,
430 4088 527 4129 nonne
545 4067 622 4129 enim
642 4067 696 4127 iste
715 4068 803 4127 hemo
816 4065 925 4125 dudum
938 4057 1156 4122 nutrescunt

62 4155 170 4209 nostres
184 4150 347 4211 melediciti
881 4187 885 4193 ·

150 4248 216 4289 ros.
238 4248 283 4292 rr.
609 4232 629 4289 Ξ
644 4246 662 4287 r
