2875 4984
569 342 683 407 PAX.

100 500 256 563 Tuta.
276 500 430 571 Qomode
442 501 689 579 ergodescsudsm
701 498 780 580 ego!
880 526 885 535 ’

110 584 256 643 Maec.
278 584 361 641 Bono
373 584 469 642 animo
482 600 521 650 es,
535 590 631 642 recte:
652 584 716 654 bac,
727 583 815 658 juxta
825 582 914 659 ipsam
927 583 1026 645 Deam.

107 662 252 724 TRYG.
273 666 390 736 Adeste,
414 684 465 723 ros
478 666 601 737 puellm
625 666 774 740 sequimini
786 684 831 723 me
854 669 955 727 ocius:
974 687 1041 727 nam
1053 670 1170 743 plurimi

37 764 135 803 vos
150 752 320 819 exspectant
332 746 428 819 cupidi
441 752 554 804 arrecto
567 764 649 820 pene.

114 826 254 885 CHOR.
275 826 329 885 Sed
346 828 393 883 abi
406 829 507 884 letus:
528 844 581 883 uos
595 834 688 885 aulem
698 827 890 885 intersabatsc
901 830 1104 902 supellectilem
1118 848 1170 891 co.

38 908 204 965 mitibus
216 908 381 965 sonandam
393 908 600 965 committamus
613 926 623 965 r
644 911 752 983 quippe
764 910 861 967 solent
869 915 1011 982 precipue
1020 912 1096 967 circa
1108 929 1169 970 sce·

39 1006 134 1045 naa
161 990 275 1062 plurimi
288 988 365 1045 tores
377 988 482 1047 morari
505 991 623 1058 occulti,
636 996 666 1045 ct
687 990 762 1046 mala
782 996 907 1062 patrare.
947 989 1002 1047 Sed
1014 999 1046 1047 tu
1060 994 1171 1053 erutodi

39 1069 146 1125 haec
161 1077 293 1127 suenus:
316 1086 368 1126 nos
382 1075 476 1125 autem
497 1068 706 1143 spectatoribus
727 1070 903 1129 dicamusex
923 1071 1056 1131 instituto
1068 1081 1170 1132 nostro

41 1168 267 1222 quaecunque
276 1151 357 1207 uobis
370 1150 446 1206 ratis
457 1152 557 1207 suadet
568 1159 652 1224 atque
664 1152 782 1209 enimus.

119 1228 264 1304 Equidem
287 1232 443 1303 oportebat
465 1236 506 1299 ut,
520 1232 543 1287 sl
564 1233 629 1304 quis
650 1233 776 1289 comicus
800 1237 887 1306 petita
897 1232 928 1289 in
948 1233 1171 1307 digressionetd

45 1317 261 1384 spectatores
275 1330 328 1386 per
340 1317 500 1384 anapestus
513 1330 543 1368 se
552 1313 645 1387 ipsum
658 1314 796 1382 laudaret,
806 1314 1170 1373 illomrerberareutlicto.

46 1410 148 1449 res:
172 1393 227 1461 siu,
241 1391 259 1447 d
273 1391 355 1451 Joris
369 1390 436 1458 filia,
451 1408 563 1467 equum
572 1399 627 1467 est,
638 1394 795 1467 quempiam
802 1394 1019 1460 bonorcadlici,
1031 1396 1081 1467 qui
1094 1414 1170 1468 prm.

48 1474 272 1529 stantissimus
281 1473 423 1531 hominum
436 1480 467 1529 et
477 1474 675 1549 celeberrimus
696 1474 816 1532 evaserit
828 1475 858 1530 iu
871 1479 934 1533 arte
953 1476 1104 1533 comoedias
1115 1478 1169 1535 du.

52 1554 181 1629 cendi,
195 1558 282 1627 poeta
293 1560 391 1611 noster
413 1570 514 1627 magus
526 1572 555 1611 se
569 1556 653 1611 laude
672 1556 789 1628 dignum
812 1572 871 1611 esse
892 1553 945 1611 ait.
984 1553 1081 1612 Primo
1092 1559 1168 1614 euim

52 1636 161 1691 solus
176 1634 302 1691 omnium
315 1634 419 1702 effecit,
428 1640 462 1689 ut
474 1652 544 1706 quos
558 1636 643 1691 habet
651 1637 781 1705 emulos,
793 1635 814 1693 ii
826 1636 962 1693 desierint
970 1650 1080 1708 pennos
1090 1652 1169 1694 meu·

53 1716 212 1772 dicorum
226 1716 351 1781 irridere,
362 1722 393 1771 et
404 1731 469 1771 cum
483 1716 618 1788 pediculis
632 1716 818 1790 belligerare:
840 1716 942 1773 deiude
952 1714 1089 1774 Hercules
1102 1716 1170 1776 illos

58 1798 239 1871 piuseutes‚
252 1802 283 1854 et
293 1796 449 1867 famelicos,
464 1803 493 1851 et
504 1796 648 1871 fugitivos,
663 1802 692 1853 el
714 1796 924 1863 fraudulentos,
937 1803 967 1852 et
988 1815 1018 1853 so
1035 1801 1168 1856 consulto

58 1878 250 1934 verberibus
264 1876 422 1945 offerentes,
438 1877 624 1934 collutulatos
636 1878 749 1951 expulit
761 1879 889 1949 primus:
912 1894 1008 1934 servos
1027 1880 1112 1935 etiam
1122 1880 1167 1936 fa.

60 1974 194 2014 cessere
209 1958 311 2032 coegit,
324 1972 397 2030 quos
410 1972 520 2029 semper
535 1959 735 2031 producebant
746 1958 854 2027 flentes,
863 1958 950 2029 idque
961 1965 1123 2033 eapropter,
1136 1965 1169 2017 ut

63 2056 237 2095 conservus
251 2038 345 2095 ridens
358 2037 580 2111 ulteriosplagas
593 2039 704 2095 siceum
714 2038 923 2114 interrogaret3
943 2035 1084 2111 orateur,
1098 2042 1172 2115 quid

66 2120 193 2177 accidit
205 2124 268 2177 culi
278 2116 363 2176 tuce?
384 2136 454 2173 uam
478 2117 596 2193 lystris
611 2121 723 2177 iuverit
734 2121 793 2177 tibi
803 2123 835 2176 iu
857 2121 956 2177 latero
981 2138 1044 2177 urm
1058 2136 1167 2194 magno

66 2203 227 2272 exercitu,
241 2206 410 2273 tergumque
432 2204 515 2255 tuum
527 2200 650 2255 caecidit
661 2205 690 2255 el
703 2199 860 2257 vastavit?
885 2198 1008 2257 Sublatis
1029 2200 1071 2256 his
1086 2201 1168 2275 inep-

68 2282 142 2353 tiis,
158 2281 322 2351 edictisque
332 2285 364 2335 et
374 2278 546 2352 ignobilibus
560 2281 653 2354 nugis,
664 2297 792 2355 magnam
806 2279 1074 2354 lecitartemrobis,
1085 2297 1168 2351 quam

70 2360 246 2433 aedilimvit,
259 2367 289 2417 et
300 2360 358 2415 alte
371 2359 451 2433 quasi
464 2360 589 2417 turribus
606 2361 705 2417 eduxit
718 2360 813 2417 verbis
834 2360 1000 2436 magmlicis,
1012 2368 1042 2417 et
1054 2371 1168 2419 senten.

72 2440 143 2511 tiis,
157 2440 338 2513 dieteriisqoe
351 2438 425 2497 haud
437 2439 615 2512 trivialibus3
637 2458 754 2514 operam
767 2460 826 2499 non
839 2440 959 2499 abutens
974 2440 1167 2515 perstringen.

73 2522 126 2583 dis
142 2523 257 2595 privatis
271 2521 519 2591 homuncionibus,
533 2519 752 2579 mulieribusse:
773 2524 823 2577 sed
835 2522 969 2578 herculeo
975 2522 1100 2593 quodam
1113 2522 1168 2580 im.

73 2606 155 2678 peto
167 2605 289 2662 maxima
300 2608 429 2657 monstra
439 2601 617 2673 aggreditur,
629 2602 828 2657 transcendens
838 2602 981 2658 coriorum
995 2602 1113 2658 loetores
1124 2592 1172 2659 te·'

74 2692 147 2743 tros
158 2689 189 2741 st
203 2685 275 2741 coeni
287 2679 424 2739 commoti
435 2680 535 2736 minus.
577 2678 615 2736 Et
629 2682 752 2755 primum
765 2680 876 2752 quidem
889 2682 1014 2736 omnium
1028 2699 1166 2756 oppugno

74 2768 173 2839 ipsam
186 2765 261 2821 illam
274 2762 387 2820 serratis
399 2760 532 2819 dentibus
544 2762 692 2819 immanem
704 2761 829 2828 belum,
842 2760 925 2834 eujus
945 2762 983 2817 ab
1003 2760 1095 2816 oculis
1109 2769 1167 2819 ter.

76 2846 180 2904 ribiles
193 2845 334 2901 micabant
353 2841 466 2917 Cynam
487 2841 568 2915 radii,
585 2847 673 2915 caput
696 2846 791 2899 autem
814 2840 875 2915 ejus
896 2840 1170 2900 circumlambebant

78 2931 200 2983 centum
221 2926 315 2999 capita
337 2922 587 2997 perditissimorum
611 2922 793 2981 adulatorum
800 2940 811 2993 3
836 2938 901 2995 quse
926 2938 1023 2979 rocem
1044 2921 1169 2979 habebat

79 3007 219 3064 torrentis
231 3012 352 3079 stragem
364 3004 484 3072 edentis,
499 3004 616 3061 odorem
630 3003 741 3077 phocae,
755 3004 851 3059 coleos
873 3000 978 3059 Lamia
991 3002 1100 3075 illotos,
1116 3020 1167 3059 cu.

79 3089 201 3159 lamque
214 3086 324 3143 cameli.
365 3082 571 3158 Hujuscemodi
592 3084 653 3142 riso
675 3088 804 3141 monstro
827 3100 886 3140 non
909 3084 1036 3155 extimui,
1050 3081 1168 3154 scd‘pro

81 3169 166 3226 robis
180 3183 309 3241 pugnans
323 3174 352 3223 et
366 3183 420 3239 pro
441 3164 551 3239 insulis,
567 3161 666 3223 obstiti
687 3164 714 3221 ei
731 3181 848 3236 semper.
891 3162 1079 3237 Quapropter
1092 3180 1168 3222 nuuc

81 3268 136 3307 ros
149 3264 259 3321 equum
272 3254 315 3305 est
327 3246 445 3303 reddere
457 3246 577 3319 gratiam
590 3245 667 3317 mihi,
682 3249 712 3302 ot
727 3261 865 3303 memores
877 3261 947 3302 esse.
989 3242 1101 3301 Etenim
1115 3262 1168 3301 an.

82 3331 176 3399 tehnc,
189 3346 272 3401 quum
285 3344 395 3385 remex
415 3325 557 3383 sententia
575 3326 732 3401 gessissem,
746 3342 805 3383 nou
827 3326 1045 3382 obambulabam
1065 3326 1167 3396 pales·

82 3418 154 3484 tras,
171 3425 332 3483 puerosque
344 3402 541 3477 solicitabam3
564 3408 718 3465 redeunte
740 3405 914 3479 supellectile
933 3406 1026 3461 statim
1044 3404 1167 3477 ebibam,
1252 3449 1255 3454 ,

83 3493 114 3549 in
128 3493 226 3566 prucis
239 3490 386 3559 molestus,
399 3489 429 3545 iu
442 3486 585 3561 plerisque
598 3486 781 3558 delectabilis,
793 3491 905 3544 serrato
916 3486 946 3543 iu
959 3486 1091 3541 omnibus
1105 3485 1168 3541 olli.

85 3573 143 3631 cio.
184 3569 310 3630 Proinde
321 3570 446 3627 fautores
460 3586 505 3625 me
517 3567 621 3626 habere
641 3568 722 3625 decet
734 3574 764 3624 st
785 3568 861 3624 siros
874 3572 903 3623 et
923 3584 1048 3640 pueros:
1072 3565 1168 3623 culros
1189 3592 1192 3602 Δ

85 3654 172 3710 stiam
184 3653 376 3719 admonemus,
391 3655 423 3705 ut
435 3666 488 3709 suo
500 3650 595 3706 studio
615 3666 668 3706 uos
681 3648 819 3723 adjurent
841 3646 872 3703 in
885 3646 1065 3719 adipiscenda
1077 3647 1169 3703 ricto-

84 3735 139 3791 ria.
181 3730 264 3790 Unus
277 3731 352 3789 enim
366 3732 487 3803 quisque
498 3728 582 3797 dicet,
596 3747 642 3787 me
654 3730 774 3801 victore,
788 3730 825 3787 ad
845 3744 968 3786 mensam
979 3733 1010 3785 et
1026 3728 1055 3785 in
1071 3727 1168 3783 couri·

86 3814 156 3870 riisr
181 3811 311 3887 Porrige
325 3811 409 3870 caluo
421 3810 481 3887 illi,
495 3811 534 3867 do
546 3809 686 3868 colnoillr'
699 3810 735 3867 de
750 3809 884 3867 bellariis
894 3807 1015 3883 aliquid,
1024 3814 1054 3864 et
1066 3826 1103 3864 ne
1116 3806 1174 3864 ds.w

85 3895 173 3952 trube
186 3898 335 3969 quicquum
343 3892 591 3970 prestantissima
603 3890 773 3967 potiturum,
786 3892 854 3948 viro
865 3893 917 3965 qui
918 3891 1054 3964 frontem
1067 3888 1167 3947 dubet.

128 3971 219 4031 SEM.
242 3973 339 4047 Musa,
354 3980 395 4048 tu,
411 3974 487 4030 bello
509 3972 669 4045 repudiato,
681 3965 804 4043 mecum,
819 3988 881 4027 cnm
902 3970 995 4026 amico
1016 3973 1080 4043 tun,
1099 3970 1168 4027 cbo.

88 4072 149 4111 reas
162 4072 273 4129 exerce,
288 4052 414 4113 Deorum
427 4054 572 4111 celebrans
587 4053 741 4123 connubia,
759 4050 964 4122 bominumque
984 4049 1125 4122 convivia,
1139 4058 1170 4108 et

89 4135 235 4197 beatorum
248 4134 343 4210 epulas
355 4153 363 4191 ε
385 4136 438 4193 tibi
451 4136 525 4193 euim
533 4134 594 4191 hec
607 4134 637 4198 in
647 4134 744 4207 primis
753 4150 827 4189 curu
837 4137 913 4187 sunt.
955 4128 984 4186 Si
992 4135 1084 4187 autem
1096 4126 1167 4185 Car-

89 4214 167 4274 cinus
180 4218 296 4287 renerib
309 4222 339 4277 et
351 4220 444 4285 tecum
457 4215 591 4288 oraverit,
604 4220 638 4274 ut
650 4232 716 4275 cum
734 4212 799 4273 filiis
811 4213 866 4271 suis
886 4210 1004 4270 choreas
1023 4210 1167 4283 instituas,
