2875 4984
467 368 709 446 novum.
1071 376 1132 434 ald

77 530 174 595 Dm.
195 533 229 595 0
244 528 399 595 bominum
413 536 566 612 nemius,
577 534 634 595 buc
653 532 768 612 accede,
783 532 965 611 Agoracrite.
1006 532 1130 605 Quantis

39 632 82 674 me
92 616 297 693 decoquendo
310 618 393 675 bouis
406 617 554 677 adfecisti!

74 696 144 757 AG.
167 695 303 772 Egone?
335 697 394 772 sed,
409 696 431 756 b
455 701 541 772 bone,
555 698 677 757 neednn
699 695 764 769 scis,
777 695 868 770 qualis
891 695 1011 755 antehac
1031 696 1131 773 fueris,

38 795 125 851 neque
138 780 210 853 quid
224 777 354 836 seceris:
375 796 443 837 narn
456 779 579 854 prodeo
590 796 636 837 me
648 779 776 835 haberes.

75 858 176 917 DEM.
198 858 290 926 Quid
302 876 372 935 erpo
383 860 438 918 feci
449 858 590 918 antehac?
610 860 657 916 dic
669 857 747 928 mibi,
762 857 850 930 qualis
862 875 937 915 eram
950 857 962 916 l

74 938 145 1012 AG,
167 938 329 1013 Principio
343 942 467 1015 quidem,
481 941 505 999 si
525 940 642 1015 quando
664 940 694 995 in
716 940 856 995 concione
879 940 985 997 diceret
1008 938 1129 1011 aliquis=

39 1018 64 1077 0
72 1020 194 1097 popule,
210 1026 339 1078 amator
350 1040 414 1079 rum
429 1029 508 1091 tuuc,
522 1028 605 1097 teque
619 1018 694 1089 colo,
709 1024 738 1075 et
752 1036 853 1076 curum
866 1023 913 1078 tus'
924 1040 1010 1095 gero,
1026 1028 1056 1078 et
1064 1039 1131 1078 con-

39 1102 147 1158 snltum
161 1105 226 1159 tide·
240 1101 327 1158 selus
339 1102 432 1159 coloe
451 1102 493 1160 bis
506 1103 607 1187 siquis
621 1105 750 1157 uteretur
762 1100 896 1179 exordiis,
911 1101 1087 1181 subsiliebat,
1103 1105 1133 1159 et
1164 1103 1170 1121 “

38 1179 167 1254 jactabas
180 1188 280 1254 caput
291 1180 438 1247 ferociter.

75 1260 179 1321 DEM.
201 1260 336 1336 Egone?

74 1339 146 1401 AG.
171 1342 291 1401 Deinde
302 1344 362 1417 ille,
377 1348 407 1403 te
421 1346 553 1419 decepto,
568 1347 676 1413 abibat.

77 1420 180 1481 DEM.
202 1422 288 1491 Quid
301 1423 363 1482 uisi
384 1426 509 1484 baeccine
520 1425 589 1481 mibi
602 1428 745 1499 lecerunt,
759 1442 812 1483 nee
825 1443 878 1499 ego
892 1424 919 1481 id
933 1424 1031 1484 sensi?

77 1501 148 1560 AG.
169 1503 255 1563 Nam
283 1520 364 1583 sums
384 1512 442 1563 tuse
470 1507 567 1564 hercle
596 1508 806 1566 diducebantur
830 1507 918 1563 instar
941 1506 1083 1581 umbellae,
1105 1510 1134 1562 et

44 1600 134 1641 rursus
147 1585 411 1644 contrahebantur.

80 1662 182 1724 DEM.
206 1666 333 1723 Adeone
344 1667 459 1740 ineptus
471 1684 525 1743 ego
537 1667 581 1728 sni
593 1674 623 1727 et
636 1687 695 1743 prae
709 1671 857 1725 senectute
868 1668 989 1725 delirans
1001 1665 1013 1723 ἓ

80 1742 151 1802 AG.
174 1745 262 1814 Quin
276 1747 374 1822 etiem,
388 1765 475 1820 quum
488 1749 545 1807 duo
566 1757 695 1809 orstorss
719 1750 808 1806 serbe
833 1747 972 1820 lucerent,
987 1749 1078 1807 altero
1091 1748 1134 1805 di.

46 1831 123 1883 cente
132 1823 311 1903 parendum
321 1846 383 1886 esre
395 1827 526 1899 cicerem,
538 1832 631 1889 altero
643 1837 748 1900 antem,
761 1830 932 1887 soluendam
955 1830 1135 1903 esrejudici·

47 1908 98 1962 bue
111 1910 303 1981 mercedem
323 1916 395 1967 tunc
408 1910 455 1982 qui
475 1910 511 1967 de
523 1912 652 1969 mercede
672 1911 797 1981 dicebat,
812 1917 945 1983 superato
968 1911 1018 1967 illo
1033 1914 1079 1985 qui
1100 1910 1135 1967 de

47 1987 132 2045 classe
144 1990 332 2064 rogationem
353 1992 469 2062 tulerat,
482 1991 590 2050 abibat.
631 1988 708 2049 Heus
732 1998 776 2066 tu,
792 1992 861 2064 quid
881 1991 1003 2049 demittis
1025 1990 1134 2065 caput?

48 2083 143 2124 nonne
154 2070 228 2127 loco
240 2070 390 2133 muuebis?

83 2145 186 2207 DEM.
210 2148 309 2209 Pudet
321 2169 367 2209 me
378 2151 510 2226 profecto
523 2152 650 2226 priorum
662 2156 855 2226 peccatorum.
913 2162 923 2189 l

85 2226 158 2291 AG.
179 2230 225 2287 As
238 2232 396 2307 cnlpanon
419 2238 463 2289 est
487 2239 544 2300 tua,
563 2250 599 2291 ue
621 2232 660 2291 sis
681 2232 832 2307 sollicitus,
846 2231 893 2289 sed
914 2248 1023 2306 eorum,
1039 2234 1086 2307 qul
1109 2238 1139 2292 te

50 2305 89 2364 sic
100 2308 258 2385 decepere.
300 2308 332 2369 N
333 2331 388 2369 unc
400 2319 507 2384 eutem,
520 2314 567 2372 dic
580 2314 649 2371 mihi
662 2331 671 2384 3
692 2313 790 2386 siquis
803 2313 959 2371 advocatus
973 2332 1073 2372 scurra
1096 2316 1140 2371 di-

53 2394 98 2445 cat
111 2410 120 2448 z
145 2388 221 2450 Nou
235 2398 282 2449 est
293 2394 533 2467 nobisjuds‘cs'bus
543 2398 647 2472 punis,
662 2396 724 2451 nisi
736 2394 810 2453 bunc
823 2412 940 2453 courum
953 2396 1139 2455 damuaveri-

52 2471 107 2527 tr'sr
127 2470 199 2531 huic
214 2478 340 2547 petrono
354 2474 421 2548 quid
432 2473 543 2533 troies?
564 2477 610 2534 die
623 2474 702 2533 mibi.

90 2548 192 2610 DEM.
215 2554 371 2612 Sublimem
383 2557 482 2613 tollam
494 2562 523 2613 et
536 2556 567 2613 in
581 2554 754 2613 Barathrum
767 2555 903 2630 injiciam,
918 2574 934 2613 e
948 2559 1025 2615 collo
1039 2560 1064 2616 ei
1079 2578 1140 2617 sus.

56 2631 180 2702 pendens
193 2632 409 2711 Hyperbolum.

92 2711 164 2772 AG.
190 2714 273 2774 Istuc
286 2716 400 2789 quidem
414 2722 491 2775 recte
510 2722 542 2773 et
552 2716 694 2789 supienter
718 2713 777 2788 jam
798 2714 888 2771 dicis=
918 2717 967 2773 sed
989 2718 1018 2779 in
1040 2720 1139 2777 ceteris

59 2796 207 2863 quomodo
222 2796 429 2871 rempublieem
443 2798 609 2855 ordinabis?
630 2814 694 2871 ege,
708 2795 756 2853 dic
769 2796 847 2853 mihi.

93 2870 198 2933 DEM.
221 2874 321 2934 Primo
333 2878 485 2952 remigibus
498 2879 646 2953 longarum
658 2878 782 2948 navium,
794 2893 881 2949 quum
895 2876 1015 2950 primum
1029 2878 1058 2935 in
1073 2897 1141 2953 por-

56 2954 114 3011 tum
126 2957 312 3031 appulerint,
326 2960 482 3016 mercedem
495 2958 633 3033 integram
646 2957 732 3014 dabo.

95 3033 165 3094 AG.
188 3035 296 3095 Multis
308 3038 420 3096 adtritis
432 3040 546 3096 natibus
559 3036 790 3113 gratumdeeisti.

96 3113 201 3176 DEM.
225 3116 336 3175 Deinde
356 3121 487 3195 catalogo
509 3120 627 3196 militum
647 3116 849 3191 inscriptorum
875 3117 977 3177 civium
998 3118 1095 3177 nullus
1114 3120 1146 3178 iu

59 3193 143 3285 ulium
158 3200 367 3257 transcribetur
380 3201 509 3259 ordinem
521 3200 621 3257 studiis
633 3198 801 3257 fautorum:
825 3198 873 3257 sed
887 3198 963 3258 sicut
975 3200 1059 3258 initio
1073 3210 1145 3279 eret,

62 3279 103 3332 stu
115 3279 173 3337 erit
185 3280 351 3355 inscriptus.

98 3356 167 3417 AG.
190 3357 275 3419 Istuc
286 3324 442 3419 momordit
453 3363 584 3441 clypeum
598 3360 758 3437 Cleonymi.

99 3434 205 3499 DEM.
226 3437 291 3499 Nec
302 3442 437 3501 imberbis
450 3446 525 3501 ullus
537 3444 567 3501 in
580 3443 646 3501 loro
660 3440 886 3499 concionabitur.

98 3516 173 3580 AG.
196 3518 258 3579 Ubi
271 3539 341 3597 ergo
355 3524 605 3582 concionabuntur
617 3522 776 3581 Clisthenes
788 3528 818 3579 et
827 3518 945 3577 Strato?

100 3596 203 3659 DEM.
224 3601 460 3661 Adolescentulos
474 3607 538 3665 illos
550 3605 617 3664 dico
630 3602 660 3659 in
673 3604 840 3679 myropoliis
854 3600 959 3659 versari
979 3599 1089 3672 solitos,
1104 3603 1152 3674 qui

62 3677 189 3741 edentes
215 3682 277 3741 bec
301 3684 450 3759 garriuntt
472 3684 587 3744 Dexter
608 3692 653 3743 est
673 3682 796 3759 Pisone,
818 3688 848 3740 et
868 3682 995 3740 solerter
1015 3682 1154 3740 eruditur

57 3756 145 3828 fuit:
166 3766 272 3841 quippe
284 3766 450 3823 auditorem
465 3770 603 3824 oratione
613 3768 700 3842 puori
712 3766 901 3823 constrictum
915 3768 1006 3831 tenet,
1020 3770 1049 3819 et
1061 3764 1154 3839 quod.

65 3835 138 3899 libet
156 3845 351 3920 adsequitur:
373 3850 633 3905 sententiantium
647 3846 738 3921 cudit,
753 3852 784 3903 et
797 3852 840 3903 est
849 3846 1037 3923 perspicuus,
1044 3843 1154 3919 focile·

64 3935 117 3994 que
130 3924 254 3997 affectus
263 3931 369 3994 monet,
382 3930 489 4005 optime
502 3930 698 4003 comprimens
711 3926 935 3985 tumultuantes.

102 4000 172 4062 AG.
194 4002 225 4064 N
226 4022 303 4063 onus
315 4012 348 4065 tu
360 4026 390 4067 es
402 4008 512 4082 pedico
524 4009 641 4067 istorum
655 4004 899 4067 locutuleioruml

103 4080 206 4143 DEM.
227 4084 258 4143 N
260 4105 298 4145 on
311 4087 424 4162 hercle;
439 4089 489 4147 ced
502 4107 602 4166 cogam
614 4091 684 4148 istos
699 4105 796 4148 omues
812 4090 941 4145 renatum
953 4085 1007 4163 ire,
1020 4104 1038 4145 a
1051 4084 1158 4145 lacien-
1263 4081 1265 4084 ’
1289 4082 1291 4087 ’

65 4158 108 4219 dis
120 4162 239 4225 decretis
252 4168 435 4228 abstinentes.
987 4190 990 4201 ¹

105 4240 173 4307 AG.
193 4247 453 4330 Accipeergoluc
467 4249 635 4317 conditione
655 4251 755 4314 sellum
773 4249 846 4313 banc
855 4246 1023 4330 plicatilem,
1034 4252 1065 4309 et
1087 4262 1159 4323 pue·
1222 4224 1225 4229 ¹
