2875 4984
385 374 787 441 tcfluuunusns
1095 383 1152 443 291

123 548 248 605 eoaque
260 531 359 605 quasis
373 535 484 593 ratione
497 536 652 613 lacessitus,
662 536 793 608 naribus,
803 533 1040 611 terrestribusque
1051 539 1152 615 copiis,

38 622 220 673 commotos
235 614 361 689 reddam,
375 626 511 689 quantum
527 624 639 691 potero.

80 693 173 753 DlC.
203 694 270 771 Ego
284 714 354 753 reru
375 698 501 769 praedico
511 695 737 756 'lacmaemontis
750 696 882 754 omnihus
895 704 923 755 et
937 696 1153 773 lllagarcnsibur

38 777 69 831 ct
83 774 235 848 Boeotiis,
251 783 284 833 ut
297 784 393 834 emant
401 779 600 854 residuntque
593 796 621 833 ιιι
635 779 702 835 loru
715 796 799 838 meu:
821 778 869 835 sed
883 776 1027 837 Lamacho
1040 798 1110 837 ιιοιι.

79 853 228 915 CHOR.
249 856 346 915 Homo
359 860 411 916 isto
425 859 512 916 siucit
523 860 704 934 argumentis,
716 869 747 917 ut
759 859 897 933 populum
908 860 1028 930 inducit,
1042 868 1075 915 ut
1087 878 1152 915 ιιιιι.
1166 878 1170 883 ’

38 939 101 992 tata
126 942 282 995 sententia
301 940 408 1013 probet
425 940 572 997 indusias:
593 940 643 997 sed
661 941 843 1015 accingamur
860 957 914 997 uus
934 941 970 997 ad
992 948 1153 1015 anapaestos

37 1018 233 1077 recitandos.

81 1096 130 1155 Ex
146 1118 219 1172 quo
230 1098 317 1173 puita
329 1106 428 1157 noster
438 1100 552 1161 comicis
563 1101 687 1160 animum
700 1100 813 1173 adpulit
825 1100 931 1175 choris,
941 1101 1069 1158 nundum
1081 1120 1153 1176 pru.

36 1177 92 1233 diit
107 1182 336 1253 spectatoribus
350 1182 477 1239 dicturus
489 1184 589 1241 scitum
602 1183 783 1256 lapidumque
796 1199 826 1239 se
838 1200 907 1239 esse.
940 1180 1086 1248 Quoniam
1099 1202 1153 1241 au.

38 1264 97 1314 tem
114 1260 204 1319 falso
225 1263 403 1319 insimulatur
415 1265 453 1319 ab
466 1264 583 1321 inimicis
595 1264 671 1337 apud
685 1264 870 1319 Athenienses
884 1262 1044 1337 praecipites
1058 1266 1153 1322 cousi.

37 1337 70 1407 li,
87 1342 179 1411 qnasi
196 1343 339 1401 ciuitatem
354 1343 478 1403 ludibrio
492 1346 545 1401 sihi
559 1346 672 1418 habeat,
690 1344 890 1418 populumque
905 1342 1068 1416 proscindat
1081 1362 1154 1402 con.

39 1419 140 1491 viciis,
159 1440 239 1496 opus
256 1430 298 1481 est
317 1430 348 1479 ut
372 1428 544 1498 respoudeat
560 1425 614 1481 illis
635 1426 711 1499 apud
726 1425 915 1481 Athenienses
927 1434 1038 1482 mutare
1050 1426 1153 1485 solitus

40 1502 187 1559 consilia.
231 1501 312 1578 Ergo
324 1510 457 1563 autumat
477 1512 564 1578 poeta
581 1507 737 1562 multorum
756 1522 787 1561 se
799 1504 881 1560 robis
895 1507 1038 1561 honorum
1051 1499 1159 1562 auctu-'

40 1598 104 1637 rem
120 1602 205 1658 esse,
221 1584 303 1659 cujus
317 1602 407 1658 opera
419 1586 541 1663 lactum,
558 1594 591 1643 ut
610 1604 669 1643 nou
687 1585 808 1659 amplius
829 1592 886 1641 tam
907 1585 991 1641 facilc
1005 1585 1154 1659 patiamini

41 1663 132 1729 robis
156 1682 179 1721 a
205 1666 358 1739 peregrinis
372 1669 459 1724 rerba
472 1667 545 1741 dari,
560 1684 612 1723 nuc
624 1667 819 1725 adulatoribus
841 1666 1026 1737 delectemini,
1040 1684 1092 1723 nec
1107 1684 1153 1724 re·

40 1744 130 1801 misse
146 1745 360 1818 rempublicam
375 1747 584 1807 administratis.
626 1747 761 1805 Antehac
774 1756 870 1805 autem
884 1748 969 1822 legati
983 1748 1019 1803 ab
1034 1748 1152 1804 urbibus

43 1825 137 1896 missi,
154 1826 183 1883 si
198 1827 366 1885 sellentros
382 1831 594 1901 circumvenire,
609 1830 702 1902 primo
716 1828 804 1885 violis
816 1834 972 1885 curuantur
986 1845 1037 1883 ros
1050 1829 1155 1901 appel-

42 1902 153 1964 labant
168 1926 179 1977 ;
202 1909 284 1979 qnod,
300 1910 418 1968 simulac
438 1910 550 1969 dixerat
569 1912 721 1983 quispiam,
735 1910 830 1967 atatim
843 1917 964 1981 propter
986 1925 1112 1966 coronas
1123 1911 1155 1967 in

42 1987 232 2055 primoribus
244 1990 356 2047 natibus
369 1992 517 2049 sedebatis.
558 1990 634 2047 Tum
645 1992 667 2047 si
678 1993 742 2063 quis
754 1987 834 2046 robis
847 1990 1020 2061 subpalpans
1034 1988 1153 2059 diceret,

44 2063 72 2121 0
87 2068 201 2127 nitidae
222 2076 252 2125 et
272 2072 399 2146 pingues
415 2070 550 2143 Athenae,
571 2072 594 2128 is
615 2088 699 2142 quam
721 2071 806 2126 vellet
827 2088 885 2125 rem
906 2068 1089 2143 conficiebat,
1111 2071 1153 2137 oh

45 2148 268 2221 pinguedinem,
280 2168 337 2223 qua
351 2169 411 2219 sua,
425 2159 559 2223 tanquam
571 2169 670 2225 apuas,
690 2157 872 2224 perunxerat.
913 2146 986 2205 Hac
999 2150 1067 2221 qula
1082 2150 1153 2209 lecit

47 2228 155 2301 poeta,
171 2232 326 2288 multorum
340 2234 482 2289 bonorum
504 2250 585 2289 cansa
606 2234 687 2289 robis
705 2232 833 2289 exstitit.
853 2237 914 2286 tum
928 2231 1013 2287 etiam
1027 2231 1153 2288 ostendit

46 2308 203 2368 sociarum.
211 2310 358 2369 civitatum
373 2314 492 2387 incolas,
514 2320 545 2369 ut
567 2314 699 2385 populari
722 2309 1153 2386 reganturimperio.1taquu

46 2386 109 2481 jam
124 2410 165 2449 ex
181 2393 300 2449 urbibus
323 2394 459 2451 tributum
473 2395 553 2452 robis
573 2395 733 2451 adferentes
750 2392 874 2463 uenient,
890 2392 988 2449 uidere
1005 2392 1152 2467 cupientes

47 2470 174 2540 poetam
189 2474 263 2529 hunc
278 2476 549 2545 praestantissimum,
565 2478 612 2545 qui
635 2474 793 2549 periculum
807 2490 867 2530 non
880 2471 987 2549 refugit
1000 2472 1152 2545 quominus

47 2550 164 2611 diceret
177 2552 398 2612 Atheniensibus
412 2572 476 2627 qum
487 2555 567 2628 Justa
575 2566 653 2611 suut.
687 2553 761 2610 Tam
775 2554 834 2610 late
847 2558 939 2609 autem
953 2552 1014 2625 ejus
1024 2553 1151 2613 audacias

48 2629 129 2689 lama
155 2642 310 2709 pervagata
330 2642 383 2707 est,
394 2635 434 2691 ‘ut
455 2642 485 2691 et
500 2633 624 2707 Magnus
639 2633 713 2703 Res,
727 2633 836 2711 legatos
848 2633 1000 2704 explorans
1015 2630 1151 2691 Lacedae.

49 2717 230 2785 munierum,
240 2715 397 2772 sciscitatus
407 2716 492 2772 fucrit
504 2734 538 2772 ex
553 2716 618 2789 ipsis
631 2716 763 2786 primum,
772 2714 828 2769 utri
842 2714 929 2769 classe
942 2713 1150 2787 praevalerente
1185 2714 1193 2730 '

50 2792 169 2865 deinde,
182 2797 251 2851 utris
274 2795 361 2869 polita
374 2797 426 2853 iste
438 2797 528 2853 multa
546 2796 677 2853 conuicia
689 2796 786 2851 dicate
809 2792 863 2849 hus
875 2792 950 2849 enim
962 2793 1090 2851 hunriues
1105 2795 1150 2850 in.

49 2875 172 2944 qniehat
194 2876 324 2933 meliores
346 2876 473 2945 tuturos,
487 2884 517 2934 et
537 2877 613 2933 bello
635 2877 721 2951 louge
741 2880 936 2949 superaturos,
950 2874 1000 2947 qui
1013 2872 1072 2947 ejus
1087 2882 1150 2933 ub·

49 2965 157 3013 rentur
191 2956 324 3014 consiliis.
366 2955 525 3031 Propterea
550 2952 760 3015 Lacedaemonii
791 2973 843 3011 ros
877 2956 913 3011 ad
949 2972 1049 3029 pacem
1077 2954 1151 3012 iuri-

51 3038 127 3108 tant,
141 3042 174 3095 et
186 3034 319 3111 AEginam
341 3038 396 3096 sibl
420 3039 499 3095 reddi
522 3037 661 3113 flagitant,
674 3056 733 3094 uon
748 3035 824 3108 quud
841 3036 959 3092 insulam
979 3033 1056 3092 illam
1077 3036 1151 3094 ta'uti

50 3112 173 3186 faciant,
187 3118 236 3175 sed
250 3123 280 3173 ut
292 3124 406 3191 pue'tam
421 3119 526 3177 huuce
546 3118 659 3191 prediis
680 3119 734 3175 suis
746 3116 875 3191 ejiciant.
915 3116 970 3209 Sed
989 3133 1040 3173 ros
1052 3114 1150 3173 neuti-

52 3210 139 3266 quam
152 3198 281 3264 timeatis,
291 3217 328 3255 ne
341 3201 455 3273 quaudo
469 3200 621 3273 comoedias
634 3200 740 3257 docens
753 3199 896 3265 traducat,
908 3205 938 3255 et
951 3192 981 3254 iu
993 3197 1150 3255 ludibrium

51 3284 151 3335 vertat
160 3279 238 3352 justa
251 3281 390 3339 consilia:
412 3286 540 3337 autumat
553 3298 621 3337 sero
640 3298 669 3337 se
681 3280 774 3336 multa
789 3280 867 3336 bonu
879 3296 930 3335 rus
944 3279 1105 3348 docturum,
1117 3284 1150 3335 ut

52 3354 133 3417 beati
147 3359 231 3431 fiatis,
245 3375 305 3417 non
322 3361 534 3437 suppalpandn,
548 3377 608 3419 unu
623 3361 778 3417 mercedem
792 3358 963 3417 ostentando
975 3357 1149 3432 fautoribus,

51 3454 111 3496 nou
127 3439 277 3498 fraudium
290 3448 342 3500 ant
354 3442 483 3499 versutiis
496 3440 632 3511 tollendo,
644 3457 698 3498 nec
714 3440 844 3497 laudibus
864 3438 1072 3508 demulcend03
1098 3441 1149 3497 sed
1230 3492 1233 3495 ,

53 3537 88 3576 ea
101 3524 165 3595 ipsa
178 3539 242 3595 qna
264 3525 373 3596 optima
394 3527 480 3580 erunt
499 3522 641 3580 docendo.
683 3518 810 3578 Proinde
827 3517 898 3577 Cleo
917 3518 1117 3592 machinetur,
1119 3525 1151 3575 et

54 3602 197 3671 quidlibet
218 3602 367 3661 adversum
390 3620 436 3659 me
458 3608 566 3659 struat.
589 3620 654 3658 nam
673 3619 692 3659 ιι
713 3602 781 3659 meis
805 3595 933 3675 partibirs
953 3598 1149 3655 honestumet
1241 3592 1250 3615 ‘

52 3679 163 3753 justum
176 3684 275 3756 stabit,
289 3697 475 3755 necunquam
488 3682 684 3755 deprehendar
695 3699 764 3759 erga
775 3680 978 3755 rempublicam
990 3680 1064 3754 talia,
1075 3696 1148 3773 qua

53 3760 88 3821 lis
101 3765 149 3819 ille
162 3770 215 3831 est,
231 3764 344 3821 timidus
357 3769 385 3821 et
398 3763 637 3822 morbosissimus.

95 3840 187 3901 SEM.
207 3804 273 3902 lluu
292 3846 370 3920 atlas,
392 3842 491 3938 Musa,
502 3861 567 3916 quae
588 3843 784 3919 flagrantem
776 3844 848 3917 ignis
871 3842 958 3899 habes
978 3840 1047 3915 rim,
1062 3815 1148 3899 acuta

55 3921 229 3993 Acharniea,
245 3927 364 3996 qualiter
378 3942 394 3982 e
409 3926 505 3998 prunis
525 3924 620 3998 ilignis
640 3925 739 3983 lasilla
751 3924 874 3996 subsilit,
888 3920 1004 3995 quaudo
1016 3922 1147 3979 torrendi
1224 3953 1233 3968 κ

53 4001 182 4076 impositi
195 4011 262 4061 suunt
276 4006 413 4077 pisciculi,
428 4006 495 4063 dum
510 4004 559 4063 alii
574 4004 706 4063 Thasiam
719 4005 840 4062 miscent
852 4006 1011 4061 recentem
1016 4003 1146 4075 muriam,

57 4086 106 4140 alii
119 4085 235 4156 piusuut
247 4085 368 4145 farinam
381 4106 392 4157 ;
406 4088 453 4153 ¹sic
473 4085 538 4152 reni
560 4086 688 4160 rapidum
708 4102 833 4160 carmen,
854 4084 1005 4155 intensum,
1024 4090 1146 4159 agreste,

58 4169 151 4221 tecum
166 4163 269 4236 ferens,
282 4168 317 4224 ad
335 4185 380 4233 me
393 4166 562 4241 popularem
574 4173 665 4224 tuum.

99 4242 223 4307 ouon.
246 4245 309 4307 Nos
329 4264 411 4311 senes
431 4248 534 4309 uetusti
554 4246 697 4309 ciuitatem
716 4245 895 4307 hemum:
917 4261 977 4304 uon
996 4242 1071 4305 euim
1090 4256 1146 4319 pre
