2875 4984
571 332 739 406 RANAE.
798 379 805 388 -
1143 347 1185 408 η

72 497 210 595 tndlnes,
225 495 348 560 hoccine
359 503 403 559 est
424 496 508 559 utilia
520 499 649 561 docere?
680 517 762 575 quem
786 500 942 577 oportebat
956 499 1081 561 omero
1100 515 1184 563 mors

44 725 52 740 ι
72 581 254 720 ΙἭὲΟΗ.
274 655 341 730 Sed,
355 662 374 719 d
388 661 508 736 perdite,
520 681 635 721 necesse
647 669 691 721 cst
702 677 864 739 magnarum
874 663 1078 720 sententiarum
1090 665 1120 720 et
1132 675 1182 721 oo·

72 739 259 814 gitationum
272 742 472 800 similiaetiam
488 743 574 800 rerba
586 745 758 819 producere.
800 742 881 799 Alias
902 757 956 816 par
969 740 1113 802 estetlsru
1135 759 1183 802 se

73 819 194 878 arideus
209 821 410 896 grandioribus
423 822 518 880 serbis
531 825 593 880 nti:
614 843 679 884 narn
693 831 724 882 et
737 824 861 882 restibus
873 823 967 881 multo
981 823 1184 896 splendidiori-

71 901 382 1038 puzuttuntuqquam
405 920 468 962 nos.
514 901 587 972 Qua
613 922 701 977 quum
721 923 776 980 ego
797 903 919 979 pulobrs
940 903 1135 981 instituissem,
1151 910 1182 963 tu

87 999 116 1036 oe
142 999 200 1037 ιιι

118 1057 224 1126 EUR.
247 1059 313 1132 Quo
326 1059 430 1120 laeto?

119 1137 255 1200 AESCll.
278 1139 375 1200 Primo
390 1159 476 1216 quern
491 1159 570 1220 reges
584 1143 685 1219 pannis
696 1144 824 1222 induisti,
840 1151 875 1204 nt
895 1143 1070 1205 moerentia
1088 1141 1181 1204 bomi-

72 1219 167 1276 nibus
181 1222 346 1279 riderentur
359 1239 428 1281 esse.

118 1299 225 1358 EUR.
246 1301 381 1377 Ergone
374 1323 402 1361 ru
417 1306 470 1362 bac
484 1321 515 1361 re
528 1304 639 1362 nocui?
661 1322 722 1377 quo
735 1303 836 1363 tacto?

121 1379 258 1440 AESCH.
281 1381 430 1441 Idcirco
418 1403 476 1459 Janr
499 1401 583 1442 nemo
604 1385 681 1443 diras
702 1386 766 1441 rnlt
791 1387 934 1443 triremem
961 1385 1103 1442 iustruere
1125 1401 1179 1444 suo

74 1469 202 1518 sumtu:
225 1481 322 1520 rerum
336 1467 437 1538 pannis
451 1483 510 1523 sese
523 1467 671 1524 involvens
683 1467 878 1538 unusquisque
891 1466 954 1542 ilat,
970 1470 1000 1523 et
1023 1459 1179 1540 pauperem

75 1559 110 1598 se
125 1557 192 1598 esse
205 1539 257 1602 ait.

121 1619 271 1680 BACCH.
295 1620 467 1696 Eiquidcm,
482 1623 523 1680 iia
534 1641 579 1680 me
589 1621 674 1682 Ceres
684 1629 770 1698 amet,
785 1626 884 1684 subtus
895 1625 1004 1683 babens
1020 1623 1179 1683 tunicatae

75 1701 166 1759 molli
180 1703 246 1760 lana
256 1709 386 1760 textam:
409 1705 459 1777 qui
471 1721 539 1763 vero
552 1706 613 1762 haec
637 1703 732 1763 dicens
746 1705 892 1781 fefellerit,
907 1723 973 1764 euru
997 1705 1027 1762 in
1040 1705 1108 1762 toro
1120 1705 1179 1813 pis-

77 1784 202 1839 catorio
213 1801 354 1856 emergere
369 1785 471 1842 rideas.

128 1859 255 1920 AESCH.
279 1861 389 1920 Deinde
410 1864 611 1938 loquacitatem
623 1867 757 1924 excolere
778 1871 810 1924 et
822 1867 947 1942 argutias
959 1863 1094 1940 docuisti,
1112 1885 1178 1940 quse
1197 1907 1200 1914 -

62 1959 127 1999 res
142 1949 172 2000 et
187 1945 331 2016 palaestras
343 1947 504 2018 evacuarit,
518 1951 547 2002 et
562 1947 640 2004 culos
653 1949 1075 2004 contrivitadolescentulorum
1087 1962 1179 2022 ungas

75 2022 280 2096 garrientium,
294 2030 323 2080 et
335 2026 426 2082 nantis
437 2025 587 2097 persuasit,
597 2031 628 2080 ut
642 2025 1011 2100 refragarenturmagistris.
1049 2022 1177 2099 -Αιιιιιιι,

76 2103 202 2172 quando
222 2121 276 2176 ego
298 2104 438 2178 vivebam,
452 2103 523 2161 nilril
544 2104 624 2160 aliud
645 2103 784 2179 sciebant,
797 2124 883 2177 quam
906 2106 993 2162 ollam
1015 2111 1180 2178 poscereet

78 2180 262 2258 Rhyppupce
276 2183 408 2240 clamare.

123 2261 177 2318 BA
183 2261 273 2319 CCH.
296 2261 342 2319 Itu
355 2263 460 2337 hercle,
475 2268 504 2320 et
514 2239 658 2336 oppedcre
681 2263 789 2322 etiam
780 2282 811 2321 ιιι
824 2283 857 2322 οι
870 2264 1001 2322 inferiori
1021 2264 1131 2341 remigi,
1148 2269 1178 2323 et

78 2359 242 2399 concacare
253 2345 478 2416 commensalem,
488 2349 518 2400 et
526 2361 597 2401 nare
607 2361 710 2417 egressr
701 2345 931 2420 vestealiquem
942 2346 1085 2420 spoliares
1101 2363 1179 2403 nnnc

77 2430 179 2480 auteur
190 2421 402 2498 obloquuntur,
416 2429 446 2480 et
459 2441 517 2480 nou
532 2425 654 2498 amplius
667 2431 758 2500 agunt
778 2443 884 2501 remos,
897 2429 928 2483 et
939 2425 997 2483 lrue
1018 2426 1085 2485 illue
1097 2427 1177 2485 nari·

78 2508 165 2577 gant.

119 2579 245 2640 AESCH.
259 2581 390 2650 Quorum
400 2601 468 2642 vero
478 2585 615 2640 scelerum
626 2601 685 2641 nou
695 2586 867 2643 estanctori
883 2585 1068 2643 nonnalenas
1078 2591 1178 2645 osten.

77 2663 124 2720 dit
138 2665 204 2738 iste,
220 2670 250 2718 et
269 2666 410 2736 parientes
430 2667 459 2721 ln
481 2665 554 2721 sanis
576 2663 718 2737 mulieres,
733 2670 763 2721 et
784 2664 943 2721 concubitu
963 2664 1087 2721 fratrum
1109 2667 1177 2724 mis.

76 2750 135 2817 tas,
152 2749 181 2799 et
193 2758 257 2816 quae
271 2744 376 2815 dicant,
390 2747 481 2802 vitum
497 2763 556 2800 non
570 2759 633 2798 esse
660 2743 779 2802 vitam?
799 2741 877 2800 Hinc
888 2745 974 2800 etiam
987 2743 1087 2800 civitas
1108 2763 1191 2803 nos:

77 2832 127 2881 tra
141 2823 243 2880 scribis
255 2823 371 2897 impleta
384 2833 437 2900 est,
453 2831 482 2881 et
495 2822 609 2896 scurris,
621 2825 680 2894 qul,
690 2823 832 2882 simiarum
845 2839 935 2894 more,
946 2823 1087 2896 populum
1098 2822 1177 2882 trau.

77 2904 167 2960 dibus
179 2903 327 2974 decipiunt
339 2921 471 2978 sempera
490 2904 648 2978 lampadem
662 2921 732 2961 rero
745 2921 830 2961 nemo
842 2902 897 2961 scit
908 2902 985 2961 ferre
995 2901 1056 2976 jam
1076 2907 1180 2980 ampli.

78 2999 115 3041 us
132 2984 345 3040 exercitationis
357 2987 497 3058 neglectu.
629 2994 632 3001 ’

122 3061 274 3120 ΒΑΟΟΗ.
296 3063 390 3128 Nemo
404 3066 516 3122 hercle:
539 3062 580 3120 ita
594 3069 625 3119 ιιι
639 3064 698 3120 risu
721 3079 795 3137 pene
806 3068 954 3121 emortuus
966 3063 1019 3120 sim
1040 3065 1070 3119 io
1083 3062 1177 3124 Pana-

78 3144 311 3216 menaeis‚quum
325 3147 422 3202 tardus
437 3145 549 3217 quidam
558 3143 645 3201 horno
659 3151 789 3201 curreret
800 3145 946 3213 incurras,
955 3145 1047 3218 albus,
1061 3145 1176 3219 obesos

79 3223 336 3299 longointerrallo
353 3226 481 3296 relictus,
496 3232 525 3282 ct
537 3226 637 3282 misere
647 3243 676 3282 se
690 3229 847 3295 torquens:
870 3224 972 3281 deiude
994 3223 1176 3284 Ceramiceu.

79 3322 124 3362 ses
138 3305 168 3360 in
187 3305 278 3378 portis
291 3312 396 3363 stantes
410 3305 611 3380 percutiebant
633 3305 658 3361 ei
671 3310 809 3374 uentrem,
822 3304 925 3368 latera.
939 3305 1001 3377 ilia,
1016 3312 1118 3361 nates:
1139 3309 1176 3363 il.

79 3387 107 3442 le
121 3403 194 3444 rere
208 3403 357 3460 percussus
370 3387 479 3458 palaris,
494 3385 615 3443 subinde
631 3384 773 3458 pudendo,
782 3384 911 3448 extincta
924 3385 1066 3458 lampade,
1076 3401 1175 3445 curre·

79 3465 142 3522 bat.

122 3541 248 3601 CHOR.
271 3541 411 3621 Magnum
426 3547 584 3622 negotium,
598 3543 747 3603 vehemens
761 3543 950 3613 concertatio,
964 3560 1051 3618 grave
1067 3544 1174 3601 bellum

80 3626 181 3682 instat.
224 3623 325 3697 Itaque
338 3643 490 3700 operosum
499 3626 731 3699 eritdiseernere,
739 3625 790 3682 obi
798 3625 871 3681 alter
880 3623 1173 3698 contenderitralide,

81 3708 158 3762 alter
173 3723 242 3761 vero
255 3707 383 3768 refutare
396 3712 486 3780 possit
498 3714 527 3763 et
540 3706 632 3762 obniti
646 3707 726 3767 scite„
768 3705 822 3762 Sed
836 3705 927 3761 nolite
940 3705 969 3760 in
988 3704 1087 3761 eodem
1102 3720 1174 3759 con.

82 3788 201 3843 sistere:
224 3793 292 3841 sunt
304 3788 378 3844 enim
393 3789 445 3847 riae
469 3793 498 3844 et
511 3787 573 3843 alia
586 3785 680 3842 multae
701 3787 886 3860 argutiarum.
929 3782 1075 3854 Quicquid
1087 3781 1174 3856 igitur

82 3865 194 3922 habetis
211 3865 246 3921 ad
260 3867 484 3942 disceptandum,
498 3867 554 3924 boc
575 3865 670 3937 dicite,
685 3867 855 3938 percurrite,
869 3870 898 3922 et
916 3865 1041 3920 revelate
1054 3866 1110 3933 turn¹
1124 3879 1173 3920 re·
1193 3888 1197 3895 =

83 3953 146 4002 tera
160 3962 247 4016 quam
260 3950 405 4019 receutia3
427 3953 456 4005 et
469 3947 572 4016 audete
593 3947 700 4017 aliquid
714 3945 817 4002 subtile
829 3952 859 4000 et
879 3943 978 4000 scitum
992 3946 1077 4014 atque
1090 3958 1174 4018 argo-
1218 3953 1225 3959 “

84 4032 145 4082 turri
159 4024 267 4097 eloqui.
308 4027 338 4086 Si
352 4027 464 4086 veroid
477 4026 624 4097 veremini,
639 4041 675 4082 ne
687 4025 799 4092 inscitia
811 4024 931 4096 quadam
944 4023 1077 4079 laborent
1089 4039 1173 4098 spec.

84 4107 256 4178 tueremini
266 4110 336 4178 ιιι,ιί
345 4127 409 4181 qua
420 4108 537 4167 subtilia
549 4105 661 4182 dicatis,
673 4105 763 4164 intelli
800 4122 832 4161 re
843 4109 993 4176 nequeant,
1005 4117 1042 4160 ne
1052 4104 1171 4160 timete-s

84 4187 220 4260 quoniam
234 4187 290 4245 boc
305 4187 368 4248 non‘
378 4187 500 4262 amplius
513 4189 555 4245 lta
576 4185 714 4244 sehabet.
788 4201 834 4241 am
845 4184 993 4242 exercitati
1005 4188 1083 4259 sunt,
1097 4187 1127 4240 et
1138 4183 1179 4239 lle

14 4279 16 4282 ·
84 4268 167 4326 buum
182 4269 299 4342 quisque
311 4270 417 4328 habeus
437 4270 521 4328 discit
539 4267 728 4344 sapientiam
758 4271 898 4339 preterea
917 4265 1031 4340 ingenio
1051 4263 1175 4321 maxine

139 4545 152 4576 Ι
