<?xml version="1.0" encoding="UTF-8"?>
<!DOCTYPE html PUBLIC "-//W3C//DTD XHTML 1.0 Transitional//EN"
    "http://www.w3.org/TR/xhtml1/DTD/xhtml1-transitional.dtd">
<html xmlns="http://www.w3.org/1999/xhtml" xml:lang="en" lang="en">
 <head>
  <title>
</title>
<meta http-equiv="Content-Type" content="text/html;charset=utf-8" />
  <meta name='ocr-system' content='tesseract 3.04.00' />
  <meta name='ocr-capabilities' content='ocr_page ocr_carea ocr_par ocr_line ocrx_word'/>
</head>
<body>
  <div class='ocr_page' id='page_1' title='image "aristophaniscom00brungoog_0203.png"; bbox 0 0 2875 4984; ppageno 0'>
   <div class='ocr_carea' id='block_1_1' title="bbox 544 358 1216 455">
    <p class='ocr_par' dir='ltr' id='par_1_1' title="bbox 544 358 1216 455">
     <span class='ocr_line' id='line_1_1' title="bbox 544 358 1216 455; baseline 0.001 -35"><span class='ocrx_word' id='word_1_1' title='bbox 544 358 710 423; x_wconf 62' lang='lat' dir='ltr'>aves.</span> <span class='ocrx_word' id='word_1_2' title='bbox 1113 365 1172 421; x_wconf 78' lang='lat' dir='ltr'>ru</span> <span class='ocrx_word' id='word_1_3' title='bbox 1209 448 1216 455; x_wconf 22' lang='grc' dir='ltr'>ι</span> 
     </span>
    </p>
   </div>
   <div class='ocr_carea' id='block_1_2' title="bbox 50 514 1166 1642">
    <p class='ocr_par' dir='ltr' id='par_1_2' title="bbox 50 514 1166 1077">
     <span class='ocr_line' id='line_1_2' title="bbox 50 514 1166 593; baseline 0.009 -22"><span class='ocrx_word' id='word_1_4' title='bbox 50 514 96 571; x_wconf 82' lang='lat' dir='ltr'>sit</span> <span class='ocrx_word' id='word_1_5' title='bbox 109 515 275 591; x_wconf 74' lang='lat' dir='ltr'><strong>literatus,</strong></span> <span class='ocrx_word' id='word_1_6' title='bbox 289 520 403 593; x_wconf 79' lang='lat' dir='ltr'>attagen</span> <span class='ocrx_word' id='word_1_7' title='bbox 416 515 469 574; x_wconf 89' lang='lat' dir='ltr'>iste</span> <span class='ocrx_word' id='word_1_8' title='bbox 481 516 556 592; x_wconf 87' lang='lat' dir='ltr'>apud</span> <span class='ocrx_word' id='word_1_9' title='bbox 569 534 621 576; x_wconf 89' lang='lat' dir='ltr'>nos</span> <span class='ocrx_word' id='word_1_10' title='bbox 633 518 790 577; x_wconf 87' lang='lat' dir='ltr'>versicolor</span> <span class='ocrx_word' id='word_1_11' title='bbox 803 516 961 577; x_wconf 87' lang='lat' dir='ltr'>habebitur.</span> <span class='ocrx_word' id='word_1_12' title='bbox 1003 518 1048 577; x_wconf 80' lang='lat' dir='ltr'>At</span> <span class='ocrx_word' id='word_1_13' title='bbox 1059 516 1083 576; x_wconf 84' lang='lat' dir='ltr'>si</span> <span class='ocrx_word' id='word_1_14' title='bbox 1101 521 1166 592; x_wconf 86' lang='lat' dir='ltr'>quis</span> 
     </span>
     <span class='ocr_line' id='line_1_3' title="bbox 50 596 1165 675; baseline 0.007 -23"><span class='ocrx_word' id='word_1_15' title='bbox 50 596 139 653; x_wconf 90' lang='lat' dir='ltr'>forte</span> <span class='ocrx_word' id='word_1_16' title='bbox 153 604 203 655; x_wconf 88' lang='lat' dir='ltr'>est</span> <span class='ocrx_word' id='word_1_17' title='bbox 219 598 369 656; x_wconf 86' lang='lat' dir='ltr'>barbarus</span> <span class='ocrx_word' id='word_1_18' title='bbox 392 618 408 656; x_wconf 90' lang='lat' dir='ltr'>e</span> <span class='ocrx_word' id='word_1_19' title='bbox 422 597 642 675; x_wconf 73' lang='lat' dir='ltr'>Phrygiaeque</span> <span class='ocrx_word' id='word_1_20' title='bbox 661 618 696 657; x_wconf 86' lang='lat' dir='ltr'>ac</span> <span class='ocrx_word' id='word_1_21' title='bbox 715 599 895 673; x_wconf 86' lang='lat' dir='ltr'>Spintharus,</span> <span class='ocrx_word' id='word_1_22' title='bbox 907 598 1014 675; x_wconf 82' lang='lat' dir='ltr'>frigille</span> <span class='ocrx_word' id='word_1_23' title='bbox 1036 602 1095 658; x_wconf 89' lang='lat' dir='ltr'>avis</span> <span class='ocrx_word' id='word_1_24' title='bbox 1118 602 1165 660; x_wconf 90' lang='lat' dir='ltr'>hic</span> 
     </span>
     <span class='ocr_line' id='line_1_4' title="bbox 52 676 1165 755; baseline 0.005 -24"><span class='ocrx_word' id='word_1_25' title='bbox 52 676 114 732; x_wconf 89' lang='lat' dir='ltr'>erit</span> <span class='ocrx_word' id='word_1_26' title='bbox 128 696 147 733; x_wconf 87' lang='lat' dir='ltr'>e</span> <span class='ocrx_word' id='word_1_27' title='bbox 162 676 353 736; x_wconf 75' lang='lat' dir='ltr'>Philemonis</span> <span class='ocrx_word' id='word_1_28' title='bbox 364 698 486 754; x_wconf 80' lang='lat' dir='ltr'>genere:</span> <span class='ocrx_word' id='word_1_29' title='bbox 499 682 522 736; x_wconf 87' lang='lat' dir='ltr'>si</span> <span class='ocrx_word' id='word_1_30' title='bbox 536 698 603 738; x_wconf 87' lang='lat' dir='ltr'>vero</span> <span class='ocrx_word' id='word_1_31' title='bbox 616 681 752 753; x_wconf 89' lang='lat' dir='ltr'>quispiam</span> <span class='ocrx_word' id='word_1_32' title='bbox 765 698 859 737; x_wconf 89' lang='lat' dir='ltr'>servus</span> <span class='ocrx_word' id='word_1_33' title='bbox 873 687 916 737; x_wconf 92' lang='lat' dir='ltr'>est</span> <span class='ocrx_word' id='word_1_34' title='bbox 928 700 944 738; x_wconf 91' lang='lat' dir='ltr'>e</span> <span class='ocrx_word' id='word_1_35' title='bbox 957 678 1053 753; x_wconf 79' lang='lat' dir='ltr'>Caria,</span> <span class='ocrx_word' id='word_1_36' title='bbox 1069 700 1165 755; x_wconf 87' lang='lat' dir='ltr'>quem.</span> 
     </span>
     <span class='ocr_line' id='line_1_5' title="bbox 51 756 1162 835; baseline 0.01 -24"><span class='ocrx_word' id='word_1_37' title='bbox 51 756 229 814; x_wconf 84' lang='lat' dir='ltr'><strong>admodum</strong></span> <span class='ocrx_word' id='word_1_38' title='bbox 250 758 440 834; x_wconf 82' lang='lat' dir='ltr'>Execestides,</span> <span class='ocrx_word' id='word_1_39' title='bbox 452 778 522 817; x_wconf 87' lang='lat' dir='ltr'>avos</span> <span class='ocrx_word' id='word_1_40' title='bbox 535 761 589 817; x_wconf 89' lang='lat' dir='ltr'>sibi</span> <span class='ocrx_word' id='word_1_41' title='bbox 608 766 743 833; x_wconf 79' lang='lat' dir='ltr'>procreet</span> <span class='ocrx_word' id='word_1_42' title='bbox 760 762 834 835; x_wconf 89' lang='lat' dir='ltr'>apud</span> <span class='ocrx_word' id='word_1_43' title='bbox 849 778 915 833; x_wconf 86' lang='lat' dir='ltr'>nos,</span> <span class='ocrx_word' id='word_1_44' title='bbox 929 766 959 817; x_wconf 88' lang='lat' dir='ltr'>et</span> <span class='ocrx_word' id='word_1_45' title='bbox 981 762 1162 823; x_wconf 75' lang='lat' dir='ltr'>invenientur</span> 
     </span>
     <span class='ocr_line' id='line_1_6' title="bbox 54 837 1163 915; baseline 0.006 -22"><span class='ocrx_word' id='word_1_46' title='bbox 54 838 113 909; x_wconf 89' lang='lat' dir='ltr'>ipsi</span> <span class='ocrx_word' id='word_1_47' title='bbox 128 841 279 912; x_wconf 84' lang='lat' dir='ltr'>gentiles.</span> <span class='ocrx_word' id='word_1_48' title='bbox 321 840 406 908; x_wconf 84' lang='lat' dir='ltr'>Quod</span> <span class='ocrx_word' id='word_1_49' title='bbox 420 842 443 896; x_wconf 91' lang='lat' dir='ltr'>si</span> <span class='ocrx_word' id='word_1_50' title='bbox 456 837 538 898; x_wconf 81' lang='lat' dir='ltr'>Pisiae</span> <span class='ocrx_word' id='word_1_51' title='bbox 559 841 630 898; x_wconf 78' lang='lat' dir='ltr'>flius</span> <span class='ocrx_word' id='word_1_52' title='bbox 644 847 743 915; x_wconf 86' lang='lat' dir='ltr'>portas</span> <span class='ocrx_word' id='word_1_53' title='bbox 756 842 878 915; x_wconf 82' lang='lat' dir='ltr'>prodere</span> <span class='ocrx_word' id='word_1_54' title='bbox 899 841 1050 899; x_wconf 76' lang='lat' dir='ltr'>infamibus</span> <span class='ocrx_word' id='word_1_55' title='bbox 1063 845 1163 901; x_wconf 88' lang='lat' dir='ltr'>volne-</span> 
     </span>
     <span class='ocr_line' id='line_1_7' title="bbox 53 920 1164 1001; baseline 0.01 -29"><span class='ocrx_word' id='word_1_56' title='bbox 53 921 104 987; x_wconf 84' lang='lat' dir='ltr'>rit,</span> <span class='ocrx_word' id='word_1_57' title='bbox 121 920 247 992; x_wconf 80' lang='lat' dir='ltr'>perdix</span> <span class='ocrx_word' id='word_1_58' title='bbox 261 921 322 993; x_wconf 88' lang='lat' dir='ltr'>fiat,</span> <span class='ocrx_word' id='word_1_59' title='bbox 336 922 473 994; x_wconf 76' lang='lat' dir='ltr'>genuinus</span> <span class='ocrx_word' id='word_1_60' title='bbox 489 924 613 995; x_wconf 83' lang='lat' dir='ltr'>parentis</span> <span class='ocrx_word' id='word_1_61' title='bbox 626 925 730 998; x_wconf 86' lang='lat' dir='ltr'>pullus,</span> <span class='ocrx_word' id='word_1_62' title='bbox 745 922 881 995; x_wconf 88' lang='lat' dir='ltr'>siqnidem</span> <span class='ocrx_word' id='word_1_63' title='bbox 905 924 980 996; x_wconf 89' lang='lat' dir='ltr'>apud</span> <span class='ocrx_word' id='word_1_64' title='bbox 1002 941 1055 981; x_wconf 88' lang='lat' dir='ltr'>nos</span> <span class='ocrx_word' id='word_1_65' title='bbox 1075 929 1164 1001; x_wconf 80' lang='lat' dir='ltr'>turpe</span> 
     </span>
     <span class='ocr_line' id='line_1_8' title="bbox 55 998 601 1077; baseline 0.009 -24"><span class='ocrx_word' id='word_1_66' title='bbox 55 1016 119 1055; x_wconf 90' lang='lat' dir='ltr'>nnn</span> <span class='ocrx_word' id='word_1_67' title='bbox 135 998 182 1056; x_wconf 90' lang='lat' dir='ltr'>sit</span> <span class='ocrx_word' id='word_1_68' title='bbox 198 1002 353 1075; x_wconf 83' lang='lat' dir='ltr'>perdicum</span> <span class='ocrx_word' id='word_1_69' title='bbox 366 1019 446 1058; x_wconf 89' lang='lat' dir='ltr'>more</span> <span class='ocrx_word' id='word_1_70' title='bbox 456 1003 601 1077; x_wconf 77' lang='lat' dir='ltr'>aufugere.</span> 
     </span>
    </p>

    <p class='ocr_par' dir='ltr' id='par_1_3' title="bbox 57 1078 1162 1642">
     <span class='ocr_line' id='line_1_9' title="bbox 96 1078 1160 1155; baseline 0.003 -19"><span class='ocrx_word' id='word_1_71' title='bbox 96 1078 204 1137; x_wconf 85' lang='lat' dir='ltr'><strong>SEM.</strong></span> <span class='ocrx_word' id='word_1_72' title='bbox 231 1080 344 1138; x_wconf 79' lang='lat' dir='ltr'>Taliter</span> <span class='ocrx_word' id='word_1_73' title='bbox 357 1084 461 1149; x_wconf 85' lang='lat' dir='ltr'>olores,</span> <span class='ocrx_word' id='word_1_74' title='bbox 474 1084 517 1139; x_wconf 88' lang='lat' dir='ltr'>tio</span> <span class='ocrx_word' id='word_1_75' title='bbox 530 1086 572 1140; x_wconf 90' lang='lat' dir='ltr'>tio</span> <span class='ocrx_word' id='word_1_76' title='bbox 587 1084 629 1141; x_wconf 84' lang='lat' dir='ltr'>tio</span> <span class='ocrx_word' id='word_1_77' title='bbox 643 1084 686 1141; x_wconf 85' lang='lat' dir='ltr'>tio</span> <span class='ocrx_word' id='word_1_78' title='bbox 707 1084 821 1155; x_wconf 79' lang='lat' dir='ltr'>tiotinx,</span> <span class='ocrx_word' id='word_1_79' title='bbox 834 1082 986 1142; x_wconf 87' lang='lat' dir='ltr'>commissis</span> <span class='ocrx_word' id='word_1_80' title='bbox 1009 1085 1160 1143; x_wconf 80' lang='lat' dir='ltr'>modulae.</span> 
     </span>
     <span class='ocr_line' id='line_1_10' title="bbox 57 1162 1161 1239; baseline 0.01 -25"><span class='ocrx_word' id='word_1_81' title='bbox 57 1163 101 1215; x_wconf 93' lang='lat' dir='ltr'>tes</span> <span class='ocrx_word' id='word_1_82' title='bbox 115 1162 267 1234; x_wconf 88' lang='lat' dir='ltr'>vocibus,</span> <span class='ocrx_word' id='word_1_83' title='bbox 280 1164 362 1219; x_wconf 86' lang='lat' dir='ltr'>simul</span> <span class='ocrx_word' id='word_1_84' title='bbox 375 1164 426 1219; x_wconf 87' lang='lat' dir='ltr'>alis</span> <span class='ocrx_word' id='word_1_85' title='bbox 439 1166 583 1221; x_wconf 83' lang='lat' dir='ltr'>concussis</span> <span class='ocrx_word' id='word_1_86' title='bbox 593 1171 804 1237; x_wconf 83' lang='lat' dir='ltr'>perstrepentes</span> <span class='ocrx_word' id='word_1_87' title='bbox 818 1181 918 1222; x_wconf 89' lang='lat' dir='ltr'>canere</span> <span class='ocrx_word' id='word_1_88' title='bbox 939 1164 1032 1221; x_wconf 88' lang='lat' dir='ltr'>solent</span> <span class='ocrx_word' id='word_1_89' title='bbox 1046 1166 1161 1239; x_wconf 78' lang='lat' dir='ltr'>Apolli-</span> 
     </span>
     <span class='ocr_line' id='line_1_11' title="bbox 61 1243 1159 1323; baseline 0.009 -28"><span class='ocrx_word' id='word_1_90' title='bbox 61 1258 141 1313; x_wconf 87' lang='lat' dir='ltr'>nem,</span> <span class='ocrx_word' id='word_1_91' title='bbox 158 1243 210 1299; x_wconf 87' lang='lat' dir='ltr'>tio</span> <span class='ocrx_word' id='word_1_92' title='bbox 226 1244 270 1299; x_wconf 91' lang='lat' dir='ltr'>tio</span> <span class='ocrx_word' id='word_1_93' title='bbox 284 1245 326 1300; x_wconf 89' lang='lat' dir='ltr'>tio</span> <span class='ocrx_word' id='word_1_94' title='bbox 340 1244 383 1299; x_wconf 89' lang='lat' dir='ltr'>tio</span> <span class='ocrx_word' id='word_1_95' title='bbox 396 1245 512 1317; x_wconf 79' lang='lat' dir='ltr'>tiotiox,</span> <span class='ocrx_word' id='word_1_96' title='bbox 526 1244 555 1299; x_wconf 93' lang='lat' dir='ltr'>in</span> <span class='ocrx_word' id='word_1_97' title='bbox 569 1246 653 1302; x_wconf 89' lang='lat' dir='ltr'>litore</span> <span class='ocrx_word' id='word_1_98' title='bbox 665 1244 816 1302; x_wconf 86' lang='lat' dir='ltr'>insidentes</span> <span class='ocrx_word' id='word_1_99' title='bbox 829 1246 865 1302; x_wconf 87' lang='lat' dir='ltr'>ad</span> <span class='ocrx_word' id='word_1_100' title='bbox 879 1243 1006 1302; x_wconf 87' lang='lat' dir='ltr'>Hebrum</span> <span class='ocrx_word' id='word_1_101' title='bbox 1029 1243 1159 1323; x_wconf 79' lang='lat' dir='ltr'>flurium,</span> 
     </span>
     <span class='ocr_line' id='line_1_12' title="bbox 62 1320 1161 1399; baseline 0.004 -23"><span class='ocrx_word' id='word_1_102' title='bbox 62 1320 106 1377; x_wconf 90' lang='lat' dir='ltr'>tio</span> <span class='ocrx_word' id='word_1_103' title='bbox 122 1324 170 1377; x_wconf 92' lang='lat' dir='ltr'>tio</span> <span class='ocrx_word' id='word_1_104' title='bbox 187 1323 239 1379; x_wconf 85' lang='lat' dir='ltr'>tio</span> <span class='ocrx_word' id='word_1_105' title='bbox 252 1325 293 1380; x_wconf 93' lang='lat' dir='ltr'>tio</span> <span class='ocrx_word' id='word_1_106' title='bbox 307 1325 433 1395; x_wconf 84' lang='lat' dir='ltr'>tiotinx3</span> <span class='ocrx_word' id='word_1_107' title='bbox 456 1342 564 1399; x_wconf 86' lang='lat' dir='ltr'>perque</span> <span class='ocrx_word' id='word_1_108' title='bbox 575 1324 693 1384; x_wconf 77' lang='lat' dir='ltr'>aetheria</span> <span class='ocrx_word' id='word_1_109' title='bbox 710 1327 809 1382; x_wconf 89' lang='lat' dir='ltr'>nubila</span> <span class='ocrx_word' id='word_1_110' title='bbox 821 1326 924 1383; x_wconf 83' lang='lat' dir='ltr'>transit</span> <span class='ocrx_word' id='word_1_111' title='bbox 934 1328 1053 1399; x_wconf 87' lang='lat' dir='ltr'>clamor,</span> <span class='ocrx_word' id='word_1_112' title='bbox 1063 1346 1161 1386; x_wconf 88' lang='lat' dir='ltr'>omne.</span> 
     </span>
     <span class='ocr_line' id='line_1_13' title="bbox 64 1404 1161 1482; baseline 0.007 -25"><span class='ocrx_word' id='word_1_113' title='bbox 64 1419 120 1473; x_wconf 88' lang='lat' dir='ltr'>qne</span> <span class='ocrx_word' id='word_1_114' title='bbox 132 1404 274 1461; x_wconf 83' lang='lat' dir='ltr'>ferarum</span> <span class='ocrx_word' id='word_1_115' title='bbox 289 1422 378 1478; x_wconf 86' lang='lat' dir='ltr'>genus</span> <span class='ocrx_word' id='word_1_116' title='bbox 389 1406 578 1482; x_wconf 88' lang='lat' dir='ltr'>stupefactum</span> <span class='ocrx_word' id='word_1_117' title='bbox 588 1408 741 1480; x_wconf 75' lang='lat' dir='ltr'>auscultat,</span> <span class='ocrx_word' id='word_1_118' title='bbox 752 1408 909 1477; x_wconf 87' lang='lat' dir='ltr'>fluctusque</span> <span class='ocrx_word' id='word_1_119' title='bbox 922 1406 1071 1479; x_wconf 88' lang='lat' dir='ltr'>componit</span> <span class='ocrx_word' id='word_1_120' title='bbox 1081 1415 1161 1465; x_wconf 87' lang='lat' dir='ltr'>tran-</span> 
     </span>
     <span class='ocr_line' id='line_1_14' title="bbox 66 1484 1162 1555; baseline 0.011 -18"><span class='ocrx_word' id='word_1_121' title='bbox 66 1484 160 1553; x_wconf 89' lang='lat' dir='ltr'>quilla</span> <span class='ocrx_word' id='word_1_122' title='bbox 180 1485 344 1555; x_wconf 83' lang='lat' dir='ltr'>serenitas;</span> <span class='ocrx_word' id='word_1_123' title='bbox 367 1488 810 1545; x_wconf 81' lang='lat' dir='ltr'>totototototototototototinx2</span> <span class='ocrx_word' id='word_1_124' title='bbox 834 1494 911 1543; x_wconf 86' lang='lat' dir='ltr'>totns</span> <span class='ocrx_word' id='word_1_125' title='bbox 934 1492 1028 1545; x_wconf 87' lang='lat' dir='ltr'>antem</span> <span class='ocrx_word' id='word_1_126' title='bbox 1043 1486 1162 1549; x_wconf 79' lang='lat' dir='ltr'>adsonat</span> 
     </span>
     <span class='ocr_line' id='line_1_15' title="bbox 66 1560 1160 1642; baseline 0.007 -25"><span class='ocrx_word' id='word_1_127' title='bbox 66 1560 236 1640; x_wconf 83' lang='lat' dir='ltr'>Olympus,</span> <span class='ocrx_word' id='word_1_128' title='bbox 252 1567 467 1639; x_wconf 86' lang='lat' dir='ltr'>regesquedeos</span> <span class='ocrx_word' id='word_1_129' title='bbox 489 1567 568 1640; x_wconf 87' lang='lat' dir='ltr'>capit</span> <span class='ocrx_word' id='word_1_130' title='bbox 581 1568 749 1624; x_wconf 86' lang='lat' dir='ltr'>admiratio:</span> <span class='ocrx_word' id='word_1_131' title='bbox 781 1565 966 1642; x_wconf 71' lang='lat' dir='ltr'>Olympiades</span> <span class='ocrx_word' id='word_1_132' title='bbox 979 1585 1048 1624; x_wconf 87' lang='lat' dir='ltr'>vero</span> <span class='ocrx_word' id='word_1_133' title='bbox 1071 1570 1160 1631; x_wconf 88' lang='lat' dir='ltr'>melos</span> 
     </span>
    </p>
   </div>
   <div class='ocr_carea' id='block_1_3' title="bbox 70 1724 1166 2367">
    <p class='ocr_par' dir='ltr' id='par_1_4' title="bbox 70 1724 1166 2367">
     <span class='ocr_line' id='line_1_16' title="bbox 108 1724 1160 1803; baseline 0.005 -22"><span class='ocrx_word' id='word_1_134' title='bbox 108 1724 242 1785; x_wconf 88' lang='lat' dir='ltr'><strong>CHOR.</strong></span> <span class='ocrx_word' id='word_1_135' title='bbox 265 1726 347 1784; x_wconf 84' lang='lat' dir='ltr'>Nihil</span> <span class='ocrx_word' id='word_1_136' title='bbox 356 1734 401 1784; x_wconf 89' lang='lat' dir='ltr'>est</span> <span class='ocrx_word' id='word_1_137' title='bbox 413 1726 510 1783; x_wconf 89' lang='lat' dir='ltr'>melius</span> <span class='ocrx_word' id='word_1_138' title='bbox 523 1747 616 1802; x_wconf 84' lang='lat' dir='ltr'>neque</span> <span class='ocrx_word' id='word_1_139' title='bbox 626 1728 782 1803; x_wconf 88' lang='lat' dir='ltr'>jucundius</span> <span class='ocrx_word' id='word_1_140' title='bbox 796 1746 876 1801; x_wconf 89' lang='lat' dir='ltr'>quam</span> <span class='ocrx_word' id='word_1_141' title='bbox 902 1728 1004 1802; x_wconf 91' lang='lat' dir='ltr'>plumis</span> <span class='ocrx_word' id='word_1_142' title='bbox 1028 1728 1160 1786; x_wconf 77' lang='lat' dir='ltr'>vestirier</span> 
     </span>
     <span class='ocr_line' id='line_1_17' title="bbox 71 1806 1162 1885; baseline 0.002 -26"><span class='ocrx_word' id='word_1_143' title='bbox 71 1808 161 1877; x_wconf 86' lang='lat' dir='ltr'>atque</span> <span class='ocrx_word' id='word_1_144' title='bbox 174 1826 261 1865; x_wconf 87' lang='lat' dir='ltr'>avem</span> <span class='ocrx_word' id='word_1_145' title='bbox 274 1826 344 1865; x_wconf 83' lang='lat' dir='ltr'>esse.</span> <span class='ocrx_word' id='word_1_146' title='bbox 384 1806 470 1877; x_wconf 87' lang='lat' dir='ltr'>Nam,</span> <span class='ocrx_word' id='word_1_147' title='bbox 483 1825 519 1864; x_wconf 88' lang='lat' dir='ltr'>ne</span> <span class='ocrx_word' id='word_1_148' title='bbox 530 1810 617 1883; x_wconf 79' lang='lat' dir='ltr'>longe</span> <span class='ocrx_word' id='word_1_149' title='bbox 628 1812 737 1874; x_wconf 74' lang='lat' dir='ltr'>abeam</span> <span class='ocrx_word' id='word_1_150' title='bbox 750 1810 774 1864; x_wconf 87' lang='lat' dir='ltr'>si</span> <span class='ocrx_word' id='word_1_151' title='bbox 787 1811 847 1881; x_wconf 91' lang='lat' dir='ltr'>quis</span> <span class='ocrx_word' id='word_1_152' title='bbox 862 1808 971 1866; x_wconf 86' lang='lat' dir='ltr'>evobis</span> <span class='ocrx_word' id='word_1_153' title='bbox 989 1810 1162 1885; x_wconf 76' lang='lat' dir='ltr'>spectatori.</span> 
     </span>
     <span class='ocr_line' id='line_1_18' title="bbox 70 1886 1163 1965; baseline 0.004 -24"><span class='ocrx_word' id='word_1_154' title='bbox 70 1886 124 1942; x_wconf 88' lang='lat' dir='ltr'>bus</span> <span class='ocrx_word' id='word_1_155' title='bbox 132 1902 215 1945; x_wconf 84' lang='lat' dir='ltr'>esset</span> <span class='ocrx_word' id='word_1_156' title='bbox 228 1886 332 1960; x_wconf 85' lang='lat' dir='ltr'>alatos,</span> <span class='ocrx_word' id='word_1_157' title='bbox 342 1895 430 1961; x_wconf 88' lang='lat' dir='ltr'>atque</span> <span class='ocrx_word' id='word_1_158' title='bbox 442 1889 568 1946; x_wconf 88' lang='lat' dir='ltr'>esuriens</span> <span class='ocrx_word' id='word_1_159' title='bbox 578 1890 770 1964; x_wconf 83' lang='lat' dir='ltr'>tragoedorum</span> <span class='ocrx_word' id='word_1_160' title='bbox 780 1889 874 1947; x_wconf 88' lang='lat' dir='ltr'>choris</span> <span class='ocrx_word' id='word_1_161' title='bbox 885 1906 959 1965; x_wconf 80' lang='lat' dir='ltr'>agro</span> <span class='ocrx_word' id='word_1_162' title='bbox 969 1890 1163 1963; x_wconf 83' lang='lat' dir='ltr'>impatienter·</span> 
     </span>
     <span class='ocr_line' id='line_1_19' title="bbox 73 1970 1160 2043; baseline 0.004 -20"><span class='ocrx_word' id='word_1_163' title='bbox 73 1984 127 2037; x_wconf 88' lang='lat' dir='ltr'>qne</span> <span class='ocrx_word' id='word_1_164' title='bbox 138 1970 310 2042; x_wconf 80' lang='lat' dir='ltr'>adsisteret,</span> <span class='ocrx_word' id='word_1_165' title='bbox 324 1971 346 2026; x_wconf 91' lang='lat' dir='ltr'>is</span> <span class='ocrx_word' id='word_1_166' title='bbox 359 1970 496 2038; x_wconf 82' lang='lat' dir='ltr'>evolaret,</span> <span class='ocrx_word' id='word_1_167' title='bbox 509 1976 539 2026; x_wconf 89' lang='lat' dir='ltr'>et</span> <span class='ocrx_word' id='word_1_168' title='bbox 551 1971 667 2027; x_wconf 84' lang='lat' dir='ltr'>domum</span> <span class='ocrx_word' id='word_1_169' title='bbox 680 1988 809 2027; x_wconf 80' lang='lat' dir='ltr'>reversus</span> <span class='ocrx_word' id='word_1_170' title='bbox 823 1970 986 2043; x_wconf 85' lang='lat' dir='ltr'>pranderet,</span> <span class='ocrx_word' id='word_1_171' title='bbox 1000 1970 1102 2027; x_wconf 89' lang='lat' dir='ltr'>deinde</span> <span class='ocrx_word' id='word_1_172' title='bbox 1115 1988 1160 2027; x_wconf 89' lang='lat' dir='ltr'>sa·</span> 
     </span>
     <span class='ocr_line' id='line_1_20' title="bbox 75 2048 1165 2120; baseline 0.004 -18"><span class='ocrx_word' id='word_1_173' title='bbox 75 2055 193 2107; x_wconf 85' lang='lat' dir='ltr'>turatus</span> <span class='ocrx_word' id='word_1_174' title='bbox 209 2052 246 2107; x_wconf 91' lang='lat' dir='ltr'>ad</span> <span class='ocrx_word' id='word_1_175' title='bbox 259 2069 312 2108; x_wconf 91' lang='lat' dir='ltr'>nos</span> <span class='ocrx_word' id='word_1_176' title='bbox 324 2051 428 2107; x_wconf 89' lang='lat' dir='ltr'>iterum</span> <span class='ocrx_word' id='word_1_177' title='bbox 443 2052 605 2107; x_wconf 80' lang='lat' dir='ltr'>revolaret:</span> <span class='ocrx_word' id='word_1_178' title='bbox 627 2055 656 2107; x_wconf 91' lang='lat' dir='ltr'>et</span> <span class='ocrx_word' id='word_1_179' title='bbox 669 2050 767 2120; x_wconf 87' lang='lat' dir='ltr'>siquis</span> <span class='ocrx_word' id='word_1_180' title='bbox 781 2068 797 2105; x_wconf 91' lang='lat' dir='ltr'>e</span> <span class='ocrx_word' id='word_1_181' title='bbox 808 2051 889 2107; x_wconf 90' lang='lat' dir='ltr'>vobis</span> <span class='ocrx_word' id='word_1_182' title='bbox 913 2048 1089 2107; x_wconf 84' lang='lat' dir='ltr'>Patroclides</span> <span class='ocrx_word' id='word_1_183' title='bbox 1101 2050 1165 2107; x_wconf 86' lang='lat' dir='ltr'>for·</span> 
     </span>
     <span class='ocr_line' id='line_1_21' title="bbox 72 2130 1165 2203; baseline 0.004 -20"><span class='ocrx_word' id='word_1_184' title='bbox 72 2131 101 2185; x_wconf 87' lang='lat' dir='ltr'>te</span> <span class='ocrx_word' id='word_1_185' title='bbox 114 2132 306 2198; x_wconf 87' lang='lat' dir='ltr'>cacatnriret‚</span> <span class='ocrx_word' id='word_1_186' title='bbox 320 2149 379 2188; x_wconf 88' lang='lat' dir='ltr'>non</span> <span class='ocrx_word' id='word_1_187' title='bbox 402 2131 450 2188; x_wconf 92' lang='lat' dir='ltr'>ille</span> <span class='ocrx_word' id='word_1_188' title='bbox 462 2131 580 2203; x_wconf 89' lang='lat' dir='ltr'>pallium</span> <span class='ocrx_word' id='word_1_189' title='bbox 604 2132 820 2201; x_wconf 87' lang='lat' dir='ltr'>contaminaret,</span> <span class='ocrx_word' id='word_1_190' title='bbox 834 2130 881 2187; x_wconf 91' lang='lat' dir='ltr'>sed</span> <span class='ocrx_word' id='word_1_191' title='bbox 894 2130 952 2185; x_wconf 90' lang='lat' dir='ltr'>alio</span> <span class='ocrx_word' id='word_1_192' title='bbox 975 2131 1115 2201; x_wconf 86' lang='lat' dir='ltr'>avolaret,</span> <span class='ocrx_word' id='word_1_193' title='bbox 1134 2134 1165 2187; x_wconf 89' lang='lat' dir='ltr'>et</span> 
     </span>
     <span class='ocr_line' id='line_1_22' title="bbox 75 2210 1165 2289; baseline 0.003 -25"><span class='ocrx_word' id='word_1_194' title='bbox 75 2216 230 2285; x_wconf 88' lang='lat' dir='ltr'>postquam</span> <span class='ocrx_word' id='word_1_195' title='bbox 246 2212 413 2287; x_wconf 87' lang='lat' dir='ltr'>pepedisset,</span> <span class='ocrx_word' id='word_1_196' title='bbox 426 2213 613 2289; x_wconf 87' lang='lat' dir='ltr'>spiritumque</span> <span class='ocrx_word' id='word_1_197' title='bbox 623 2212 786 2285; x_wconf 86' lang='lat' dir='ltr'>recepisset,</span> <span class='ocrx_word' id='word_1_198' title='bbox 798 2210 899 2268; x_wconf 89' lang='lat' dir='ltr'>iterum</span> <span class='ocrx_word' id='word_1_199' title='bbox 911 2210 1067 2268; x_wconf 86' lang='lat' dir='ltr'>develaret.</span> <span class='ocrx_word' id='word_1_200' title='bbox 1087 2210 1165 2268; x_wconf 88' lang='lat' dir='ltr'>Tum</span> 
     </span>
     <span class='ocr_line' id='line_1_23' title="bbox 74 2290 1166 2367; baseline 0.001 -23"><span class='ocrx_word' id='word_1_201' title='bbox 74 2290 175 2363; x_wconf 88' lang='lat' dir='ltr'>siquis</span> <span class='ocrx_word' id='word_1_202' title='bbox 190 2295 332 2365; x_wconf 83' lang='lat' dir='ltr'>vestrdm,</span> <span class='ocrx_word' id='word_1_203' title='bbox 347 2292 472 2366; x_wconf 84' lang='lat' dir='ltr'>quisquis</span> <span class='ocrx_word' id='word_1_204' title='bbox 485 2294 533 2351; x_wconf 90' lang='lat' dir='ltr'>ille</span> <span class='ocrx_word' id='word_1_205' title='bbox 545 2294 594 2367; x_wconf 86' lang='lat' dir='ltr'>sit,</span> <span class='ocrx_word' id='word_1_206' title='bbox 609 2310 674 2349; x_wconf 89' lang='lat' dir='ltr'>cnm</span> <span class='ocrx_word' id='word_1_207' title='bbox 687 2291 779 2348; x_wconf 85' lang='lat' dir='ltr'>alienu</span> <span class='ocrx_word' id='word_1_208' title='bbox 792 2309 850 2349; x_wconf 88' lang='lat' dir='ltr'>rem</span> <span class='ocrx_word' id='word_1_209' title='bbox 865 2292 982 2349; x_wconf 87' lang='lat' dir='ltr'>heberet</span> <span class='ocrx_word' id='word_1_210' title='bbox 1004 2308 1105 2363; x_wconf 86' lang='lat' dir='ltr'>uxore,</span> <span class='ocrx_word' id='word_1_211' title='bbox 1120 2292 1166 2349; x_wconf 88' lang='lat' dir='ltr'>vi.</span> 
     </span>
    </p>
   </div>
   <div class='ocr_carea' id='block_1_4' title="bbox 77 2370 1284 2449">
    <p class='ocr_par' dir='ltr' id='par_1_5' title="bbox 77 2370 1284 2449">
     <span class='ocr_line' id='line_1_24' title="bbox 77 2370 1284 2449; baseline 0.002 -24"><span class='ocrx_word' id='word_1_212' title='bbox 77 2370 218 2448; x_wconf 79' lang='lat' dir='ltr'>daretque</span> <span class='ocrx_word' id='word_1_213' title='bbox 229 2377 360 2431; x_wconf 88' lang='lat' dir='ltr'>maritum</span> <span class='ocrx_word' id='word_1_214' title='bbox 374 2375 498 2431; x_wconf 88' lang='lat' dir='ltr'>mulieris</span> <span class='ocrx_word' id='word_1_215' title='bbox 510 2377 539 2431; x_wconf 92' lang='lat' dir='ltr'>iu</span> <span class='ocrx_word' id='word_1_216' title='bbox 553 2374 685 2449; x_wconf 78' lang='lat' dir='ltr'>gradilms</span> <span class='ocrx_word' id='word_1_217' title='bbox 695 2372 855 2447; x_wconf 83' lang='lat' dir='ltr'>senatoriis,</span> <span class='ocrx_word' id='word_1_218' title='bbox 868 2372 922 2431; x_wconf 86' lang='lat' dir='ltr'>iste</span> <span class='ocrx_word' id='word_1_219' title='bbox 943 2372 1038 2429; x_wconf 88' lang='lat' dir='ltr'>itidem</span> <span class='ocrx_word' id='word_1_220' title='bbox 1061 2372 1128 2428; x_wconf 88' lang='lat' dir='ltr'>bino</span> <span class='ocrx_word' id='word_1_221' title='bbox 1148 2388 1166 2427; x_wconf 83' lang='lat' dir='ltr'>a</span> <span class='ocrx_word' id='word_1_222' title='bbox 1283 2376 1284 2381; x_wconf 77' lang='grc'>’</span> 
     </span>
    </p>
   </div>
   <div class='ocr_carea' id='block_1_5' title="bbox 76 2452 1223 2852">
    <p class='ocr_par' dir='ltr' id='par_1_6' title="bbox 76 2452 1223 2852">
     <span class='ocr_line' id='line_1_25' title="bbox 76 2452 1167 2531; baseline 0.004 -26"><span class='ocrx_word' id='word_1_223' title='bbox 76 2452 173 2531; x_wconf 89' lang='lat' dir='ltr'>vobis,</span> <span class='ocrx_word' id='word_1_224' title='bbox 187 2456 275 2512; x_wconf 89' lang='lat' dir='ltr'>motis</span> <span class='ocrx_word' id='word_1_225' title='bbox 287 2454 339 2512; x_wconf 84' lang='lat' dir='ltr'>alis</span> <span class='ocrx_word' id='word_1_226' title='bbox 349 2457 486 2525; x_wconf 86' lang='lat' dir='ltr'>avolaret,</span> <span class='ocrx_word' id='word_1_227' title='bbox 500 2462 529 2513; x_wconf 87' lang='lat' dir='ltr'>et</span> <span class='ocrx_word' id='word_1_228' title='bbox 540 2464 691 2528; x_wconf 86' lang='lat' dir='ltr'>postquam</span> <span class='ocrx_word' id='word_1_229' title='bbox 700 2454 845 2529; x_wconf 87' lang='lat' dir='ltr'>futuisset‚</span> <span class='ocrx_word' id='word_1_230' title='bbox 855 2455 934 2511; x_wconf 86' lang='lat' dir='ltr'>illinc</span> <span class='ocrx_word' id='word_1_231' title='bbox 943 2468 1039 2509; x_wconf 84' lang='lat' dir='ltr'>rursus</span> <span class='ocrx_word' id='word_1_232' title='bbox 1048 2453 1079 2509; x_wconf 92' lang='lat' dir='ltr'>in</span> <span class='ocrx_word' id='word_1_233' title='bbox 1088 2466 1167 2510; x_wconf 84' lang='lat' dir='ltr'>suam</span> 
     </span>
     <span class='ocr_line' id='line_1_26' title="bbox 78 2533 1167 2610; baseline 0.006 -25"><span class='ocrx_word' id='word_1_234' title='bbox 78 2534 171 2591; x_wconf 85' lang='lat' dir='ltr'>sedem</span> <span class='ocrx_word' id='word_1_235' title='bbox 187 2536 247 2592; x_wconf 89' lang='lat' dir='ltr'>huc</span> <span class='ocrx_word' id='word_1_236' title='bbox 260 2554 289 2593; x_wconf 89' lang='lat' dir='ltr'>se</span> <span class='ocrx_word' id='word_1_237' title='bbox 304 2535 433 2593; x_wconf 77' lang='lat' dir='ltr'>referret.</span> <span class='ocrx_word' id='word_1_238' title='bbox 473 2534 582 2593; x_wconf 87' lang='lat' dir='ltr'>Nonne</span> <span class='ocrx_word' id='word_1_239' title='bbox 593 2538 681 2610; x_wconf 83' lang='lat' dir='ltr'>igitur</span> <span class='ocrx_word' id='word_1_240' title='bbox 693 2536 799 2591; x_wconf 85' lang='lat' dir='ltr'>alatum</span> <span class='ocrx_word' id='word_1_241' title='bbox 814 2552 872 2591; x_wconf 88' lang='lat' dir='ltr'>esse</span> <span class='ocrx_word' id='word_1_242' title='bbox 886 2533 1030 2607; x_wconf 86' lang='lat' dir='ltr'>quantivis</span> <span class='ocrx_word' id='word_1_243' title='bbox 1043 2540 1086 2590; x_wconf 88' lang='lat' dir='ltr'>est</span> <span class='ocrx_word' id='word_1_244' title='bbox 1101 2552 1167 2607; x_wconf 86' lang='lat' dir='ltr'>pre·</span> 
     </span>
     <span class='ocr_line' id='line_1_27' title="bbox 80 2612 1167 2690; baseline 0.001 -24"><span class='ocrx_word' id='word_1_245' title='bbox 80 2612 125 2668; x_wconf 88' lang='lat' dir='ltr'>ti?</span> <span class='ocrx_word' id='word_1_246' title='bbox 148 2614 266 2673; x_wconf 85' lang='lat' dir='ltr'>Etenim</span> <span class='ocrx_word' id='word_1_247' title='bbox 279 2615 454 2690; x_wconf 83' lang='lat' dir='ltr'>Diitrepbes,</span> <span class='ocrx_word' id='word_1_248' title='bbox 468 2616 602 2673; x_wconf 84' lang='lat' dir='ltr'>vimineas</span> <span class='ocrx_word' id='word_1_249' title='bbox 616 2615 666 2688; x_wconf 90' lang='lat' dir='ltr'>qni</span> <span class='ocrx_word' id='word_1_250' title='bbox 680 2619 791 2671; x_wconf 87' lang='lat' dir='ltr'>tantum</span> <span class='ocrx_word' id='word_1_251' title='bbox 806 2615 891 2671; x_wconf 89' lang='lat' dir='ltr'>habet</span> <span class='ocrx_word' id='word_1_252' title='bbox 908 2615 977 2686; x_wconf 88' lang='lat' dir='ltr'>alas,</span> <span class='ocrx_word' id='word_1_253' title='bbox 992 2618 1101 2671; x_wconf 90' lang='lat' dir='ltr'>creatus</span> <span class='ocrx_word' id='word_1_254' title='bbox 1124 2615 1167 2671; x_wconf 84' lang='lat' dir='ltr'>est</span> 
     </span>
     <span class='ocr_line' id='line_1_28' title="bbox 80 2690 1223 2771; baseline 0.003 -24"><span class='ocrx_word' id='word_1_255' title='bbox 80 2690 186 2753; x_wconf 87' lang='lat' dir='ltr'>Tribus</span> <span class='ocrx_word' id='word_1_256' title='bbox 199 2697 363 2771; x_wconf 73' lang='lat' dir='ltr'>prefectus,</span> <span class='ocrx_word' id='word_1_257' title='bbox 379 2697 479 2754; x_wconf 91' lang='lat' dir='ltr'>deinde</span> <span class='ocrx_word' id='word_1_258' title='bbox 491 2698 617 2768; x_wconf 85' lang='lat' dir='ltr'>equitum</span> <span class='ocrx_word' id='word_1_259' title='bbox 636 2695 782 2768; x_wconf 85' lang='lat' dir='ltr'>magister,</span> <span class='ocrx_word' id='word_1_260' title='bbox 797 2695 899 2771; x_wconf 86' lang='lat' dir='ltr'>deinde</span> <span class='ocrx_word' id='word_1_261' title='bbox 919 2710 956 2749; x_wconf 86' lang='lat' dir='ltr'>ex</span> <span class='ocrx_word' id='word_1_262' title='bbox 980 2694 1080 2751; x_wconf 88' lang='lat' dir='ltr'>nullius</span> <span class='ocrx_word' id='word_1_263' title='bbox 1104 2712 1167 2751; x_wconf 90' lang='lat' dir='ltr'>mo·</span> <span class='ocrx_word' id='word_1_264' title='bbox 1219 2710 1223 2717; x_wconf 89' lang='grc'><strong>’</strong></span> 
     </span>
     <span class='ocr_line' id='line_1_29' title="bbox 82 2773 1167 2852; baseline -0.001 -24"><span class='ocrx_word' id='word_1_265' title='bbox 82 2778 165 2833; x_wconf 87' lang='lat' dir='ltr'>menti</span> <span class='ocrx_word' id='word_1_266' title='bbox 181 2778 298 2835; x_wconf 88' lang='lat' dir='ltr'>homine</span> <span class='ocrx_word' id='word_1_267' title='bbox 319 2796 438 2852; x_wconf 85' lang='lat' dir='ltr'>magnus</span> <span class='ocrx_word' id='word_1_268' title='bbox 451 2779 542 2836; x_wconf 85' lang='lat' dir='ltr'>erasit</span> <span class='ocrx_word' id='word_1_269' title='bbox 560 2784 590 2834; x_wconf 85' lang='lat' dir='ltr'>et</span> <span class='ocrx_word' id='word_1_270' title='bbox 609 2775 795 2833; x_wconf 83' lang='lat' dir='ltr'>fortunatus:</span> <span class='ocrx_word' id='word_1_271' title='bbox 817 2779 847 2833; x_wconf 88' lang='lat' dir='ltr'>et</span> <span class='ocrx_word' id='word_1_272' title='bbox 869 2791 946 2833; x_wconf 91' lang='lat' dir='ltr'>nnnc</span> <span class='ocrx_word' id='word_1_273' title='bbox 961 2773 1049 2831; x_wconf 84' lang='lat' dir='ltr'>davus</span> <span class='ocrx_word' id='word_1_274' title='bbox 1073 2781 1118 2832; x_wconf 87' lang='lat' dir='ltr'>est</span> <span class='ocrx_word' id='word_1_275' title='bbox 1137 2774 1167 2833; x_wconf 85' lang='lat' dir='ltr'>et</span> 
     </span>
    </p>
   </div>
   <div class='ocr_carea' id='block_1_6' title="bbox 80 2851 258 2933">
    <p class='ocr_par' dir='ltr' id='par_1_7' title="bbox 80 2851 258 2933">
     <span class='ocr_line' id='line_1_30' title="bbox 80 2851 258 2933; baseline 0.006 -19"><span class='ocrx_word' id='word_1_276' title='bbox 80 2851 258 2933; x_wconf 70' lang='lat' dir='ltr'>lquigatlus.</span> 
     </span>
    </p>
   </div>
   <div class='ocr_carea' id='block_1_7' title="bbox 94 3032 1175 3330">
    <p class='ocr_par' dir='ltr' id='par_1_8' title="bbox 94 3032 1175 3330">
     <span class='ocr_line' id='line_1_31' title="bbox 94 3032 1150 3115; baseline 0 -20"><span class='ocrx_word' id='word_1_277' title='bbox 94 3033 400 3115; x_wconf 63' lang='lat' dir='ltr'>nequeamus,</span> <span class='ocrx_word' id='word_1_278' title='bbox 415 3036 654 3114; x_wconf 77' lang='lat' dir='ltr'>annuemus,</span> <span class='ocrx_word' id='word_1_279' title='bbox 669 3034 803 3112; x_wconf 76' lang='lat' dir='ltr'>spons,</span> <span class='ocrx_word' id='word_1_280' title='bbox 817 3034 993 3112; x_wconf 83' lang='lat' dir='ltr'>cunnus,</span> <span class='ocrx_word' id='word_1_281' title='bbox 1008 3032 1150 3095; x_wconf 70' lang='lat' dir='ltr'>stenn-</span> 
     </span>
     <span class='ocr_line' id='line_1_32' title="bbox 173 3136 1175 3224; baseline -0.001 -19"><span class='ocrx_word' id='word_1_282' title='bbox 173 3144 263 3224; x_wconf 85' lang='lat' dir='ltr'>oos,</span> <span class='ocrx_word' id='word_1_283' title='bbox 279 3140 819 3222; x_wconf 61' lang='lat' dir='ltr'>Poenaremmcnsmnnn,</span> <span class='ocrx_word' id='word_1_284' title='bbox 835 3140 1077 3221; x_wconf 72' lang='lat' dir='ltr'>respectos,</span> <span class='ocrx_word' id='word_1_285' title='bbox 1173 3136 1175 3144; x_wconf 79' lang='grc'>’</span> 
     </span>
     <span class='ocr_line' id='line_1_33' title="bbox 485 3248 756 3330; baseline 0 -21"><span class='ocrx_word' id='word_1_286' title='bbox 485 3248 756 3330; x_wconf 75' lang='lat' dir='ltr'>nncrsnnnon.</span> 
     </span>
    </p>
   </div>
   <div class='ocr_carea' id='block_1_8' title="bbox 86 3406 1256 4288">
    <p class='ocr_par' dir='ltr' id='par_1_9' title="bbox 86 3406 1164 3565">
     <span class='ocr_line' id='line_1_34' title="bbox 123 3406 1164 3487; baseline 0.004 -22"><span class='ocrx_word' id='word_1_287' title='bbox 123 3406 250 3467; x_wconf 80' lang='lat' dir='ltr'>PlsTn.</span> <span class='ocrx_word' id='word_1_288' title='bbox 272 3406 335 3466; x_wconf 89' lang='lat' dir='ltr'>Ista</span> <span class='ocrx_word' id='word_1_289' title='bbox 354 3408 466 3478; x_wconf 87' lang='lat' dir='ltr'>quidem</span> <span class='ocrx_word' id='word_1_290' title='bbox 489 3410 528 3467; x_wconf 91' lang='lat' dir='ltr'>sic</span> <span class='ocrx_word' id='word_1_291' title='bbox 551 3428 582 3467; x_wconf 90' lang='lat' dir='ltr'>se</span> <span class='ocrx_word' id='word_1_292' title='bbox 604 3408 731 3469; x_wconf 76' lang='lat' dir='ltr'>habente</span> <span class='ocrx_word' id='word_1_293' title='bbox 756 3414 798 3485; x_wconf 86' lang='lat' dir='ltr'>at,</span> <span class='ocrx_word' id='word_1_294' title='bbox 813 3410 854 3469; x_wconf 85' lang='lat' dir='ltr'>ita</span> <span class='ocrx_word' id='word_1_295' title='bbox 874 3427 919 3469; x_wconf 89' lang='lat' dir='ltr'>me</span> <span class='ocrx_word' id='word_1_296' title='bbox 939 3408 1056 3484; x_wconf 87' lang='lat' dir='ltr'>Jupiter</span> <span class='ocrx_word' id='word_1_297' title='bbox 1077 3414 1164 3487; x_wconf 86' lang='lat' dir='ltr'>emet,</span> 
     </span>
     <span class='ocr_line' id='line_1_35' title="bbox 86 3484 782 3565; baseline 0.007 -24"><span class='ocrx_word' id='word_1_298' title='bbox 86 3484 159 3545; x_wconf 87' lang='lat' dir='ltr'>band</span> <span class='ocrx_word' id='word_1_299' title='bbox 173 3509 228 3564; x_wconf 85' lang='lat' dir='ltr'>ego</span> <span class='ocrx_word' id='word_1_300' title='bbox 242 3508 300 3547; x_wconf 85' lang='lat' dir='ltr'>rem</span> <span class='ocrx_word' id='word_1_301' title='bbox 313 3489 402 3563; x_wconf 83' lang='lat' dir='ltr'>megia</span> <span class='ocrx_word' id='word_1_302' title='bbox 414 3490 563 3548; x_wconf 88' lang='lat' dir='ltr'>ridiculam</span> <span class='ocrx_word' id='word_1_303' title='bbox 575 3490 633 3547; x_wconf 90' lang='lat' dir='ltr'>vidi</span> <span class='ocrx_word' id='word_1_304' title='bbox 646 3508 782 3565; x_wconf 83' lang='lat' dir='ltr'>unquam.</span> 
     </span>
    </p>

    <p class='ocr_par' dir='ltr' id='par_1_10' title="bbox 89 3568 1171 3805">
     <span class='ocr_line' id='line_1_36' title="bbox 124 3568 454 3637; baseline 0.006 -12"><span class='ocrx_word' id='word_1_305' title='bbox 124 3568 245 3629; x_wconf 83' lang='lat' dir='ltr'><strong>EUEL.</strong></span> <span class='ocrx_word' id='word_1_306' title='bbox 267 3568 343 3637; x_wconf 88' lang='lat' dir='ltr'>Quid</span> <span class='ocrx_word' id='word_1_307' title='bbox 358 3569 454 3627; x_wconf 81' lang='lat' dir='ltr'>rides?</span> 
     </span>
     <span class='ocr_line' id='line_1_37' title="bbox 97 3647 1171 3724; baseline 0.004 -17"><span class='ocrx_word' id='word_1_308' title='bbox 97 3647 251 3711; x_wconf 85' lang='lat' dir='ltr'><strong>·P1STH.</strong></span> <span class='ocrx_word' id='word_1_309' title='bbox 272 3650 351 3709; x_wconf 83' lang='lat' dir='ltr'>Tuas</span> <span class='ocrx_word' id='word_1_310' title='bbox 374 3668 491 3724; x_wconf 73' lang='lat' dir='ltr'>penum.</span> <span class='ocrx_word' id='word_1_311' title='bbox 532 3649 609 3709; x_wconf 85' lang='lat' dir='ltr'>Scin’</span> <span class='ocrx_word' id='word_1_312' title='bbox 623 3653 671 3711; x_wconf 89' lang='lat' dir='ltr'>cui</span> <span class='ocrx_word' id='word_1_313' title='bbox 692 3654 785 3711; x_wconf 88' lang='lat' dir='ltr'>alatus</span> <span class='ocrx_word' id='word_1_314' title='bbox 804 3650 928 3711; x_wconf 80' lang='lat' dir='ltr'>maxime</span> <span class='ocrx_word' id='word_1_315' title='bbox 940 3650 977 3709; x_wconf 81' lang='lat' dir='ltr'>sie</span> <span class='ocrx_word' id='word_1_316' title='bbox 999 3651 1132 3711; x_wconf 82' lang='lat' dir='ltr'>adsimilis</span> <span class='ocrx_word' id='word_1_317' title='bbox 1146 3650 1171 3711; x_wconf 69' lang='lat' dir='ltr'>l,</span> 
     </span>
     <span class='ocr_line' id='line_1_38' title="bbox 89 3728 902 3805; baseline 0.007 -19"><span class='ocrx_word' id='word_1_318' title='bbox 89 3728 204 3789; x_wconf 87' lang='lat' dir='ltr'>rudibus</span> <span class='ocrx_word' id='word_1_319' title='bbox 215 3732 295 3791; x_wconf 86' lang='lat' dir='ltr'>lineis</span> <span class='ocrx_word' id='word_1_320' title='bbox 308 3734 401 3790; x_wconf 85' lang='lat' dir='ltr'>anseri</span> <span class='ocrx_word' id='word_1_321' title='bbox 413 3731 541 3805; x_wconf 89' lang='lat' dir='ltr'>depicto.</span> <span class='ocrx_word' id='word_1_322' title='bbox 899 3742 902 3747; x_wconf 80' lang='grc'><strong>“</strong></span> 
     </span>
    </p>

    <p class='ocr_par' dir='ltr' id='par_1_11' title="bbox 126 3810 1027 3887">
     <span class='ocr_line' id='line_1_39' title="bbox 126 3810 1027 3887; baseline 0.009 -20"><span class='ocrx_word' id='word_1_323' title='bbox 126 3810 245 3870; x_wconf 82' lang='lat' dir='ltr'><strong>EUEL.</strong></span> <span class='ocrx_word' id='word_1_324' title='bbox 267 3810 315 3871; x_wconf 87' lang='lat' dir='ltr'>Tu</span> <span class='ocrx_word' id='word_1_325' title='bbox 328 3818 422 3869; x_wconf 87' lang='lat' dir='ltr'>antem</span> <span class='ocrx_word' id='word_1_326' title='bbox 436 3814 551 3871; x_wconf 80' lang='lat' dir='ltr'>merula</span> <span class='ocrx_word' id='word_1_327' title='bbox 565 3819 654 3885; x_wconf 85' lang='lat' dir='ltr'>caput</span> <span class='ocrx_word' id='word_1_328' title='bbox 664 3815 694 3870; x_wconf 90' lang='lat' dir='ltr'>in</span> <span class='ocrx_word' id='word_1_329' title='bbox 709 3816 807 3871; x_wconf 85' lang='lat' dir='ltr'>orbem</span> <span class='ocrx_word' id='word_1_330' title='bbox 820 3815 1003 3887; x_wconf 66' lang='lat' dir='ltr'>deplumata.</span> <span class='ocrx_word' id='word_1_331' title='bbox 1025 3868 1027 3875; x_wconf 89' lang='grc'><em>,</em></span> 
     </span>
    </p>

    <p class='ocr_par' dir='ltr' id='par_1_12' title="bbox 90 3888 1165 4051">
     <span class='ocr_line' id='line_1_40' title="bbox 124 3888 1165 3971; baseline 0.004 -22"><span class='ocrx_word' id='word_1_332' title='bbox 124 3890 254 3951; x_wconf 74' lang='lat' dir='ltr'>Plstfl.</span> <span class='ocrx_word' id='word_1_333' title='bbox 276 3892 343 3950; x_wconf 88' lang='lat' dir='ltr'>Istis</span> <span class='ocrx_word' id='word_1_334' title='bbox 357 3894 469 3965; x_wconf 87' lang='lat' dir='ltr'>quidem</span> <span class='ocrx_word' id='word_1_335' title='bbox 491 3893 652 3950; x_wconf 85' lang='lat' dir='ltr'>adsimulati</span> <span class='ocrx_word' id='word_1_336' title='bbox 664 3912 770 3969; x_wconf 89' lang='lat' dir='ltr'>sumus,</span> <span class='ocrx_word' id='word_1_337' title='bbox 785 3896 881 3971; x_wconf 83' lang='lat' dir='ltr'>idque,</span> <span class='ocrx_word' id='word_1_338' title='bbox 895 3896 984 3952; x_wconf 80' lang='lat' dir='ltr'>nteit</span> <span class='ocrx_word' id='word_1_339' title='bbox 998 3888 1165 3971; x_wconf 84' lang='lat' dir='ltr'>AEschylus‚</span> 
     </span>
     <span class='ocr_line' id='line_1_41' title="bbox 90 3973 741 4051; baseline 0.011 -25"><span class='ocrx_word' id='word_1_340' title='bbox 90 3987 145 4031; x_wconf 82' lang='lat' dir='ltr'>ooo</span> <span class='ocrx_word' id='word_1_341' title='bbox 158 3973 273 4048; x_wconf 77' lang='lat' dir='ltr'>olienis,</span> <span class='ocrx_word' id='word_1_342' title='bbox 287 3976 340 4031; x_wconf 83' lang='lat' dir='ltr'>sed</span> <span class='ocrx_word' id='word_1_343' title='bbox 351 3979 465 4032; x_wconf 80' lang='lat' dir='ltr'>nostris</span> <span class='ocrx_word' id='word_1_344' title='bbox 478 3976 611 4051; x_wconf 78' lang='lat' dir='ltr'>ipsoram</span> <span class='ocrx_word' id='word_1_345' title='bbox 620 3979 741 4051; x_wconf 58' lang='lat' dir='ltr'>monis.</span> 
     </span>
    </p>

    <p class='ocr_par' dir='ltr' id='par_1_13' title="bbox 126 4048 715 4129">
     <span class='ocr_line' id='line_1_42' title="bbox 126 4048 715 4129; baseline 0.003 -19"><span class='ocrx_word' id='word_1_346' title='bbox 126 4048 187 4111; x_wconf 81' lang='grc' dir='ltr'>ΕΡ.</span> <span class='ocrx_word' id='word_1_347' title='bbox 209 4055 274 4129; x_wconf 82' lang='lat' dir='ltr'>Age</span> <span class='ocrx_word' id='word_1_348' title='bbox 284 4054 344 4129; x_wconf 87' lang='lat' dir='ltr'>jam</span> <span class='ocrx_word' id='word_1_349' title='bbox 358 4074 438 4111; x_wconf 91' lang='lat' dir='ltr'>nunc</span> <span class='ocrx_word' id='word_1_350' title='bbox 451 4055 521 4127; x_wconf 88' lang='lat' dir='ltr'>qnid</span> <span class='ocrx_word' id='word_1_351' title='bbox 533 4054 715 4112; x_wconf 83' lang='lat' dir='ltr'>faciendum?</span> 
     </span>
    </p>

    <p class='ocr_par' dir='ltr' id='par_1_14' title="bbox 92 4132 1256 4288">
     <span class='ocr_line' id='line_1_43' title="bbox 128 4132 1169 4216; baseline -0.005 -20"><span class='ocrx_word' id='word_1_352' title='bbox 128 4132 252 4196; x_wconf 84' lang='lat' dir='ltr'><strong>PISTH.</strong></span> <span class='ocrx_word' id='word_1_353' title='bbox 274 4133 401 4192; x_wconf 87' lang='lat' dir='ltr'>Primum</span> <span class='ocrx_word' id='word_1_354' title='bbox 422 4154 526 4193; x_wconf 88' lang='lat' dir='ltr'>nomen</span> <span class='ocrx_word' id='word_1_355' title='bbox 540 4136 606 4192; x_wconf 88' lang='lat' dir='ltr'>urbi</span> <span class='ocrx_word' id='word_1_356' title='bbox 619 4136 823 4209; x_wconf 87' lang='lat' dir='ltr'>imponendum</span> <span class='ocrx_word' id='word_1_357' title='bbox 838 4138 892 4216; x_wconf 87' lang='lat' dir='ltr'>est,</span> <span class='ocrx_word' id='word_1_358' title='bbox 906 4152 1039 4211; x_wconf 74' lang='lat' dir='ltr'>magmm</span> <span class='ocrx_word' id='word_1_359' title='bbox 1052 4134 1169 4208; x_wconf 83' lang='lat' dir='ltr'>aliquod</span> 
     </span>
     <span class='ocr_line' id='line_1_44' title="bbox 92 4216 1256 4288; baseline 0.008 -21"><span class='ocrx_word' id='word_1_360' title='bbox 92 4217 172 4288; x_wconf 85' lang='lat' dir='ltr'>atque</span> <span class='ocrx_word' id='word_1_361' title='bbox 185 4216 312 4275; x_wconf 86' lang='lat' dir='ltr'>illustre:</span> <span class='ocrx_word' id='word_1_362' title='bbox 335 4217 436 4277; x_wconf 85' lang='lat' dir='ltr'>deinde</span> <span class='ocrx_word' id='word_1_363' title='bbox 449 4218 503 4275; x_wconf 87' lang='lat' dir='ltr'>diis</span> <span class='ocrx_word' id='word_1_364' title='bbox 516 4234 597 4275; x_wconf 85' lang='lat' dir='ltr'>sacra</span> <span class='ocrx_word' id='word_1_365' title='bbox 609 4216 749 4288; x_wconf 81' lang='lat' dir='ltr'>facienda.</span> <span class='ocrx_word' id='word_1_366' title='bbox 1252 4220 1256 4223; x_wconf 77' lang='grc'><strong>’</strong></span> 
     </span>
    </p>
   </div>
   <div class='ocr_carea' id='block_1_9' title="bbox 0 0 1491 4984">
    <p class='ocr_par' dir='ltr' id='par_1_15' title="bbox 0 0 1491 4984">
     <span class='ocr_line' id='line_1_45' title="bbox 0 0 1491 4984; baseline 0 0"><span class='ocrx_word' id='word_1_367' title='bbox 0 0 1491 4984; x_wconf 95' lang='lat' dir='ltr'> </span> 
     </span>
    </p>
   </div>
  </div>
 </body>
</html>
