2875 4984
266 352 336 419 Μ’
605 344 1013 423 ΔΚΙὲΤΟΡΗΑΝΙΒ

302 502 425 567 EUEL.
447 502 494 562 ro
506 503 575 565 mibi
586 520 702 578 quoque
713 505 836 565 ridetur.

302 586 365 648 ΕΡ,
385 588 451 659 Age
463 584 586 659 rideam,
600 587 667 659 quid
679 594 786 647 nostrae
799 587 922 647 nominis
933 586 990 645 erit
1003 585 1090 645 urbi?

303 666 431 733 Prsrfl.
454 664 588 727 vultisne
602 669 759 741 conspicuo
781 671 832 727 illo
844 677 875 729 et
896 687 916 725 a
929 664 1138 743 ,msnaemom
1149 672 1244 729 sumto
1257 662 1351 742 Spar.

263 754 301 809 tus
314 749 431 810 numine
443 764 577 805 uouemus
590 749 702 822 ipsum?

304 826 425 888 EUEL.
445 827 605 887 Hercules!
625 827 757 903 Spartam
780 848 884 891 nomeu
899 834 933 887 ut
945 848 999 905 ego
1012 830 1156 903 imponam
1169 828 1235 887 urbi
1252 827 1347 887 mee!

196 950 203 966 .
263 931 301 972 ue
312 912 434 987 grabato
448 910 559 981 quidem
570 917 702 983 sparteus
714 911 869 983 funiculus,
882 912 1005 969 simodo
1016 912 1139 985 juncens
1151 912 1281 969 habeam.
1404 998 1405 1001 Ἴ

304 989 433 1049 Pls'rfl.
455 990 606 1059 Quodnam
620 989 709 1065 igitur
722 993 764 1049 illi
778 1010 880 1063 nomeu
892 990 1092 1067 imponemus?

303 1069 422 1134 Euan.
445 1069 536 1131 latine
554 1073 726 1149 wantum,
750 1091 788 1133 ex
810 1074 935 1137 nubibus
947 1083 977 1133 et
990 1072 1155 1145 sublimibus
1169 1072 1349 1148 regionibus,

263 1154 390 1226 amplum
404 1154 473 1226 quid
484 1155 576 1211 valde.

303 1231 431 1299 Prsufl.
453 1232 523 1302 Vin'
535 1232 567 1291 N
569 1233 781 1295 ubieueuliam?

304 1313 366 1373 ΕΡ.
387 1312 437 1389 Iu,
451 1314 507 1374 lui
528 1313 684 1376 Pulchrum
698 1334 798 1381 revere
809 1321 840 1373 et
850 1315 1024 1390 magnifieum
1039 1313 1170 1372 invenisti
1181 1329 1298 1376 nomeu.

304 1392 428 1456 abab
448 1394 599 1469 Numquid
618 1397 680 1455 hee
691 1397 807 1454 estoilla
817 1395 847 1455 N
851 1396 1023 1473 ubieueulia,
1039 1395 1196 1456 ubimulta
1209 1399 1279 1452 suni
1290 1395 1348 1453 ille

262 1474 423 1550 Theogenis
436 1494 518 1552 opes,
531 1485 562 1534 et
572 1473 717 1535 AEsebinis
730 1479 848 1537 omues?

304 1556 430 1617 PISTH.
453 1556 604 1631 Optimum
617 1560 730 1632 quidem
740 1566 796 1631 est,
811 1566 845 1616 ut
858 1558 932 1617 hano
944 1577 1004 1617 eam
1029 1575 1089 1615 esse
1100 1556 1190 1628 dicus,
1206 1559 1257 1615 aui
1271 1573 1355 1613 cam·

263 1656 333 1711 pum
359 1637 551 1713 Phlegraeum,
573 1640 622 1697 ubi
639 1636 953 1715 terrigenaeGiguules
972 1638 1143 1713 jactabundi
1164 1639 1203 1695 dii
1226 1654 1346 1712 supera.

264 1728 346 1777 runt.
447 1750 451 1764 ·

305 1795 424 1855 EUEL.
446 1797 603 1871 splendide
612 1817 731 1872 prorsus
742 1806 786 1857 est
799 1799 860 1859 bae
873 1802 952 1859 urbs.
976 1798 1050 1873 Quis
1064 1816 1134 1859 vero
1146 1798 1215 1857 deus
1230 1800 1347 1859 maetam

262 1878 382 1940 habebit
393 1876 497 1937 urbis?
518 1879 629 1937 cuinam
642 1887 766 1937 texemus
779 1884 918 1955 peplum?

305 1959 433 2024 PlSTil.
455 1960 565 2030 Quidni
575 1961 698 2021 sinamus
712 1960 861 2031 Urbanam
882 1962 1042 2022 Minervam
1064 1961 1210 2037 presidem
1224 1978 1286 2021 osse
1299 1978 1347 2019 ur·
1406 1988 1407 1993 ¹

262 2038 329 2099 bisi
587 2090 595 2103 .

305 2120 425 2183 EUEL.
446 2122 586 2193 Quirern
600 2123 690 2197 possit
703 2127 772 2189 urbe
784 2126 858 2183 bene
869 2142 930 2183 esse
941 2120 1347 2194 moratu,ubideafemiueiu.

264 2207 372 2277 tegnam
385 2214 557 2264 ammonem
568 2204 667 2277 babet,
682 2204 840 2268 Clisthenes
852 2213 945 2266 anam
960 2205 1068 2263 radium
1082 2204 1240 2261 tentorium
1254 2204 1266 2262 ἔ

303 2281 433 2341 Plsulr.
455 2283 529 2351 Quis
539 2290 636 2342 autem
647 2301 762 2344 uturum
776 2284 856 2351 urbis
867 2284 1044 2363 Pelargicum
1057 2283 1220 2343 obtinebit?

304 2362 365 2424 ΕΡ.
386 2364 457 2423 Ales
477 2363 573 2421 hince
594 2364 677 2424 uobis
690 2365 942 2443 origiuel'ersica,
957 2368 1005 2442 qui
1028 2366 1135 2440 ubique
1147 2367 1252 2425 dicitur
1264 2383 1346 2425 auer-

264 2448 351 2507 rimua
363 2460 424 2502 esee
436 2442 543 2506 Martis
554 2444 662 2515 pullus.

305 2522 425 2590 Eunu.
448 2522 566 2598 Opulle
585 2523 719 2584 domiue!
742 2534 775 2595 ut
787 2527 906 2594 idoneus
918 2527 973 2585 erit
987 2528 1034 2585 ille
1046 2527 1115 2587 deus
1129 2528 1165 2587 ad
1179 2526 1346 2589 incolendas

265 2606 381 2687 petrau
452 2609 455 2618 ⁴
876 2630 881 2655 ι

303 2684 432 2745 Pisull.
454 2683 584 2760 Agedum
603 2693 636 2745 tu
659 2686 732 2745 rade
753 2688 790 2745 ad
817 2687 923 2759 adrem,
945 2687 1069 2761 illisque,
1092 2690 1140 2761 qui
1162 2707 1275 2747 murum
1297 2708 1346 2749 ex·
1408 2744 1409 2765 ,

263 2773 391 2842 denunt,
414 2766 571 2828 ministeria
590 2774 743 2841 presulatu:
770 2776 907 2827 cementa
928 2770 1062 2844 adporto,
1081 2772 1230 2843 lutumque
1253 2772 1345 2829 nudus

265 2868 386 2921 manera,
401 2846 505 2924 pelvim
528 2848 571 2903 ier
594 2866 713 2922 sussum,
729 2849 764 2905 de
776 2852 851 2907 scala
864 2850 972 2922 decide,
988 2852 1118 2908 custodes
1133 2854 1288 2927 constitue,
1303 2852 1346 2927 ig.

264 2950 329 2989 nem
352 2928 495 2986 absconde
515 2944 637 3001 semper,
660 2946 722 2986 cum
744 2930 937 2988 tintinnabulo
959 2930 1182 3002 circumcursite,
1197 2942 1285 3007 atque
1306 2935 1346 2991 ibi

264 3011 378 3069 dormi:
401 3024 549 3081 praeunnes
561 3008 651 3077 mitte,
667 3028 756 3067 uuum
772 3011 808 3067 ad
821 3012 889 3069 deus
902 3026 1022 3086 sursum,
1037 3014 1213 3085 eloerumque
1225 3015 1345 3091 desuper

264 3095 301 3149 ad
314 3090 440 3147 homiues
453 3087 595 3157 deorsum,
609 3088 729 3162 indeque
743 3108 841 3148 rursus
855 3091 891 3163 ad
903 3110 957 3163 me.

305 3166 425 3228 EUEL.
445 3168 493 3225 Tu
507 3186 574 3225 vero
588 3168 634 3227 bic
649 3189 807 3243 remanens,
822 3191 874 3246 per
887 3192 931 3229 me
944 3172 1022 3244 linet,
1037 3172 1130 3245 plora.

305 3248 431 3307 Pusula.
454 3247 517 3321 1‚o
540 3251 627 3326 bone,
642 3270 760 3325 eoquo
784 3260 815 3313 te.
832 3254 935 3315 mitto:
959 3253 1029 3309 nihil
1052 3254 1126 3311 enim
1148 3272 1260 3332 eorum,
1283 3274 1346 3331 quse

266 3333 340 3404 dixi,
354 3330 415 3387 siue
437 3335 466 3386 te
488 3337 611 3405 geretur.
652 3330 716 3406 Ego
729 3351 810 3405 vero,
827 3339 859 3389 ut
881 3352 962 3391 secra
980 3352 1111 3407 peragam
1124 3336 1206 3394 noris
1220 3338 1285 3415 diis,
1301 3358 1344 3397 sa·

266 3412 420 3484 rerdutem,
432 3412 478 3483 qui
493 3428 627 3483 pompam
640 3413 739 3491 ducat,
749 3416 873 3473 vocabo.
914 3413 991 3473 Heus
1001 3432 1086 3491 puer,
1099 3435 1182 3492 puer,
1192 3421 1346 3482 canistrum

265 3495 365 3554 afferte
378 3504 407 3550 et
419 3494 608 3567 gutturuium.
807 3544 811 3551 .

305 3572 427 3634 CHOR.
449 3572 560 3631 sociam
582 3591 698 3649 operam
721 3574 878 3650 conjungo,
894 3576 1054 3648 consentio,
1069 3577 1220 3652 udborlnr,
1235 3584 1347 3657 suppli.

265 3656 391 3715 cationes
403 3652 557 3727 magnum
571 3661 600 3710 et
610 3657 813 3727 splendident
826 3656 978 3728 fientdiis3
1000 3659 1173 3733 insuperque
1185 3661 1222 3719 ad
1237 3666 1347 3735 persol-

226 3736 228 3741 ’
264 3739 368 3795 vendas
389 3737 494 3812 gratias
507 3734 620 3794 victima
632 3738 771 3808 quapiam
786 3736 868 3794 simul
881 3741 914 3794 ut
929 3737 1101 3799 immoletur.
1144 3738 1211 3815 aas,
1225 3749 1274 3801 eat
1286 3744 1345 3821 Py.

264 3819 317 3876 thii
332 3817 464 3878 carminis
483 3816 596 3883 alamur
613 3816 647 3873 iu·
665 3818 806 3876 honorem
826 3818 892 3890 Dei,
906 3832 940 3877 et
948 3822 1082 3879 concinat
1095 3819 1209 3882 Charis.
1227 3827 1346 3884 cautile-

263 3916 340 3960 mam.

306 3975 431 4036 risun.
453 3975 558 4034 Desine
579 3981 610 4034 tu
623 3977 732 4039 inflare
746 3978 854 4037 tibiam.
897 3979 1098 4041 OeHereuies!
1119 3984 1188 4056 quid
1199 3985 1271 4043 illud
1283 3992 1350 4045 erat.

265 4058 329 4118 rei?
351 4056 397 4115 Ita
417 4075 461 4113 me
474 4054 592 4130 Jupiter
612 4068 697 4132 umet,
714 4078 769 4135 ego
781 4062 872 4119 multa
883 4079 973 4133 quum
986 4064 1104 4125 uiderim
1116 4070 1147 4129 ei
1169 4065 1342 4145 annianus,

265 4141 392 4200 nondum
405 4154 494 4209 usque
505 4138 599 4197 adhue
610 4156 726 4199 eorunm
741 4140 804 4198 ridi.
812 4143 1008 4216 capistratum.

306 4218 368 4280 ΕΡ.
388 4216 536 4293 Sacerdos,
550 4219 606 4279 hoe
618 4238 681 4299 ege,
696 4222 884 4298 opesurediie
893 4225 987 4298 unsis.
