2875 4984
328 690 892 801 ARISTOPHANIS

412 925 825 1034 nccunsmzusn.

511 1159 708 1210 *ι

511 1211 707 1230 ...ιιι-ισ-

148 1297 434 1432 nnrxlsons,
447 1329 659 1418 nummus
673 1355 1068 1436 uunoumcuonus.

93 1555 230 1616 PRAXs
252 1540 298 1627 Ο
314 1572 456 1616 uncinum
469 1555 555 1632 juber
566 1554 665 1632 lychni
674 1554 781 1630 fictilis,
792 1555 954 1632 conspicuis
963 1558 994 1614 in
1003 1555 1073 1615 locis
1083 1568 1151 1631 p'era
1220 1572 1224 1582 ’

54 1649 149 1711 quem
160 1641 310 1700 commode
321 1655 501 1712 suspensum,
512 1639 651 1712 (namque
664 1643 738 1695 tuam
749 1638 886 1713 originem
897 1637 1085 1712 fortunasque
1096 1653 1150 1696 ex.

52 1735 214 1796 ponemus,
230 1719 249 1778 d
262 1721 367 1798 lychne
379 1737 387 1788 3
418 1736 518 1794 nempe
531 1721 597 1776 rote
617 1719 722 1777 ductus
735 1718 859 1792 impulsu
881 1718 973 1794 figuti,
987 1719 1106 1796 singulis
1118 1718 1151 1776 in

52 1801 180 1857 nuribus
188 1800 351 1872 splendidos
359 1797 432 1858 Solis
440 1799 562 1860 honores
574 1798 687 1872 hebes.)
695 1800 821 1858 damotu
829 1806 882 1858 tuo
890 1801 1023 1859 condictu
1031 1801 1153 1860 tlemmu

53 1879 154 1955 sigua.
197 1879 266 1940 Tibi
274 1879 383 1955 quippe
395 1881 444 1936 uni
456 1881 597 1954 aperimus
611 1882 857 1951 consilisnostrn3
879 1887 967 1954 etque
979 1883 1050 1939 odeo
1064 1879 1151 1939 meri.

53 1963 100 2034 to,
117 1961 260 2034 siquidem
270 1965 299 2022 iu
310 1961 449 2020 cubiculis
458 1958 566 2021 nostris
579 1959 647 2016 dum
658 1960 749 2018 verius
763 1961 804 2020 rei
817 1959 955 2019 Venereae
964 1962 1089 2020 schemas
1099 1977 1154 2021 ex«

55 2043 201 2115 perimus,
215 2049 247 2099 tu
264 2041 436 2113 nobisedes‚
452 2056 543 2112 ucquc
563 2040 711 2112 quisquam
734 2060 771 2099 ex
792 2042 902 2098 aedibus
923 2042 1014 2116 abigit
1034 2043 1152 2102 oculum

55 2127 154 2197 tuum,
171 2123 347 2180 miscentium
359 2129 514 2195 corporum
526 2119 726 2194 inspectorem.
752 2119 838 2180 Solus
851 2121 1153 2200 entem,tlycl1ne,in

57 2219 186 2261 arcanos
202 2220 290 2278 usque
302 2199 439 2260 feminum
453 2217 577 2258 recessus
590 2201 679 2273 luces,
693 2202 858 2260 denstulens
873 2202 1042 2277 pullulantes
1055 2204 1150 2279 pilos:

56 2289 123 2344 tum
137 2283 225 2342 etium
236 2283 317 2343 nobis
331 2284 415 2341 collus
429 2279 557 2356 frugibus
572 2286 600 2338 et
613 2277 705 2359 Lyaeo
717 2283 803 2340 letiee
816 2283 934 2342 retostus
950 2281 1051 2341 furtim
1076 2303 1153 2346 rese·

57 2364 194 2423 rantibus
208 2366 284 2423 ades.
326 2364 410 2422 Acin
425 2361 502 2419 hisce
516 2359 649 2420 omnibus
669 2363 786 2438 adjutor
799 2383 885 2438 quum
898 2365 947 2439 sis,
963 2365 1032 2422 nihil
1057 2370 1158 2426 tumen

56 2446 163 2504 vicinis
176 2446 317 2504 enunties.
357 2443 549 2512 Quamobrem
556 2443 687 2501 conscius
695 2445 751 2502 eris
759 2446 942 2518 presentium
960 2446 1153 2524 consiliorum,

59 2544 240 2600 quaecunque
251 2524 337 2584 Scirls
350 2525 783 2582 decreveruntrnnlieresnmicns
792 2543 871 2584 meae.
892 2523 945 2583 sen
957 2527 1039 2584 nulle
1055 2545 1155 2588 earnm
1236 2570 1238 2575 .

60 2607 153 2680 adest,
165 2617 238 2679 quas
252 2607 358 2664 venisse
371 2605 520 2680 oportuit:
532 2611 563 2661 et
575 2610 669 2662 tamen
675 2604 796 2682 jamjam
805 2606 926 2663 lucescet
934 2606 1010 2664 hoc:
1025 2611 1155 2670 actutum

61 2687 217 2746 habebitur
231 2689 344 2760 concio,
358 2693 388 2744 et
401 2685 478 2742 sedes
489 2685 572 2741 nobis
592 2685 737 2758 capiendae
751 2691 829 2762 sunt,
842 2691 878 2741 nt
895 2685 965 2743 olim
977 2685 1155 2764 Sphyromu.

62 2769 133 2827 chus
142 2768 231 2844 dixit,
246 2768 268 2826 si
282 2769 348 2826 setis
360 2764 523 2823 meministis
538 2783 548 2822 ε
564 2762 693 2842 Oportet
706 2766 846 2824 mutieres
860 2767 1037 2823 interviret
1049 2772 1155 2828 reden·-

63 2857 105 2907 ter
123 2849 230 2908 latere.
271 2846 414 2917 Quidnam
434 2850 529 2902 nutem
545 2843 605 2902 siti
635 2863 672 2902 en
685 2847 816 2905 nondum·
836 2849 1015 2904 consuerunt
1035 2845 1154 2926 beron,

62 2947 134 3003 quas
149 2936 183 2988 ut
196 2929 334 2989 heberent
351 2925 541 2988 constitutum
554 2924 674 2985 fueret?
705 2945 743 2985 en
762 2945 832 2985 rero
845 2930 937 2985 restes
948 2925 1075 2987 virorum
1087 2931 1156 3008 sulse

63 3012 171 3070 ducere
182 3010 222 3068 eis
242 3009 354 3070 difficile
369 3006 479 3066 fuerit?
509 3006 584 3064 Atat
606 3007 804 3067 advenientem
825 3009 972 3067 lucernum
994 3010 1154 3086 prospicio.

63 3091 140 3169 Age,
154 3090 224 3150 mihi
239 3097 318 3150 retro
336 3090 393 3148 lsuc
415 3087 627 3149 concedendum
646 3095 701 3166 est,
716 3105 754 3148 ne
766 3089 845 3148 torte
863 3088 916 3161 qui
930 3090 1046 3149 horsum
1063 3093 1154 3170 venit,

63 3170 299 3232 mmmm

103 3192 211 3312 Mltlls.
225 3251 251 3312 I.
273 3251 305 3311 N
307 3271 363 3311 unc
375 3253 463 3311 eundi
475 3258 585 3330 tempus
598 3258 664 3314 ests
685 3265 783 3328 preco
795 3249 871 3310 enim
884 3249 972 3309 modo
984 3252 1157 3328 prodeunti·

39 3337 47 3350 ’
65 3335 119 3394 bus
131 3334 218 3393 nobis
230 3336 317 3393 domo
330 3335 421 3394 altere
433 3333 496 3394 rice
509 3335 645 3394 oan'tarit.

104 3414 230 3474 Panis.
252 3415 292 3473 At
302 3433 355 3490 ego
368 3431 418 3474 ros
432 3418 584 3492 opperiens
594 3419 707 3476 noctem
721 3415 869 3486 perpetem
877 3410 1000 3490 rlgilnri.
1043 3411 1158 3476 Verum

66 3513 128 3572 ege,
144 3496 218 3554 henc
229 3495 353 3554 ricinem'
366 3514 382 3554 e
395 3499 528 3571 proximo
542 3516 668 3571 evocem,
677 3494 780 3553 leniter
789 3496 920 3572 scalpens
930 3492 1057 3569 januum.
1077 3493 1156 3554 Ceu.-

69 3582 101 3634 to
114 3578 196 3636 enim
206 3595 281 3652 opus
293 3582 348 3652 est,
363 3577 482 3651 nequid
494 3578 539 3636 sir
550 3579 613 3655 ejus
626 3576 823 3654 persentirent.

104 3653 211 3716 MUL'.
227 3655 270 3718 II.
292 3657 396 3716 Audiri
408 3676 484 3732 sene,
498 3661 566 3717 dum
579 3657 648 3719 milri
660 3657 767 3715 induco
776 3655 1095 3730 culcens,ec'nlptinnem
1109 3655 1156 3715 dis

67 3737 193 3814 gitorum
206 3745 335 3814 tuorum,
348 3737 455 3815 quippe
468 3758 534 3813 quse
549 3759 610 3799 non
625 3740 805 3804 dormiebam
810 3755 821 3809 3
841 3736 980 3810 siquidem
993 3737 1048 3811 vir,
1061 3736 1155 3796 dmen

70 3825 111 3887 tu,
127 3817 308 3896 (Salaminius
322 3827 418 3878 autem
430 3828 474 3879 est
486 3823 601 3894 quicum
616 3827 709 3898 nuptu
722 3837 783 3878 sum
797 3819 867 3894 ego)
879 3821 942 3876 tote
953 3834 998 3875 me
1007 3821 1094 3877 nocte
1106 3836 1155 3878 nee

70 3911 126 3971 que
149 3905 279 3973 eiusque
298 3899 418 3976 agitarit
439 3901 470 3960 in
492 3903 635 3979 stragulis.
677 3898 1064 3976 Iteqnendeoilliusrestem
1076 3916 1155 3959 nunc

71 3981 185 4038 demum
197 3997 300 4054 cupere
313 3979 405 4056 potui.
507 4005 510 4012 ¹

108 4058 213 4120 MUL.
224 4058 254 4142 ¹I.
268 4060 343 4120 net
354 4063 438 4130 rideo
446 4062 634 4138 prodeuntem
642 4059 828 4135 Cllnaretan,
836 4062 868 4118 et
877 4057 1046 4138 Sostratam,
1054 4064 1085 4120 et
1096 4077 1156 4120 une

71 4141 315 4202 tumiievicinnm
329 4141 610 4204 hnntPhilaenetnm.
965 4189 968 4194 -
1233 4186 1235 4189 -

81 4263 84 4268 -
110 4218 243 4281 Pnux.
258 4219 370 4297 Ecquid
391 4224 560 4284 festinabitis
583 4222 656 4285 rosi
687 4221 790 4282 Sancte
802 4219 878 4280 enim
896 4216 1154 4298 dejereritGlyoe,

75 4319 136 4376 que
156 4303 290 4362 nostrum
309 4310 454 4378 postrema
475 4305 773 4384 renerit,eemtribns
784 4301 845 4365 riui
864 4301 974 4380 congiis
986 4306 1017 4363 et
1028 4301 1153 4381 cicerum

43 4415 48 4434 ·
76 4384 202 4446 ehrenice
213 4385 367 4446 multatum
377 4385 425 4444 iri.
661 4393 663 4396 ·
1228 4382 1232 4388 ’
