2875 4984
149 280 153 285 ’
269 338 328 395 ιω
608 320 1005 387 uursuouunurs

269 487 425 549 Enimvero
433 481 537 543 eiusde
546 499 637 542 uuum
647 480 967 557 meusem‚sntduos,iu
976 480 1108 540 orborum
1118 486 1238 543 euntuut
1246 482 1342 545 remis
1349 503 1363 557 ;

269 578 302 628 ut
309 568 493 627 Athenienses
503 583 613 640 semper
617 563 734 640 judiciis
744 563 821 623 uffixi
831 569 948 621 cantant
958 580 1069 621 omnem
1078 562 1175 622 vitum.
1191 562 1365 641 Propterea

267 649 344 709 tanc
355 648 429 705 vium
452 646 637 721 ingredimur,
648 646 859 719 canistrumquo
879 645 1011 713 serentes,
1023 649 1053 701 st
1066 645 1163 719 ollam,
1173 646 1363 723 myrrhinae·

267 748 335 804 que,
346 746 481 798 erramus,
494 729 587 786 locum
610 725 810 801 investigantes
829 724 925 799 negoti
939 724 1130 805 molestiaque
1151 745 1289 801 vuouum,
1305 727 1363 787 ubi

267 807 683 965 littltffltloltlll
692 803 1359 962 „llllllllffllllllid‘tllltlz

269 973 334 1030 bem
348 973 380 1028 iis
395 972 422 1027 in
438 971 508 1028 locis
522 970 558 1026 ud
571 987 632 1043 quae
646 966 818 1045 pervolavit.

309 1048 439 1110 PlSTH.
460 1049 537 1108 Heus
551 1055 592 1107 tu.

310 1126 428 1189 EUEL.
449 1129 528 1199 Quid
540 1132 604 1188 est?

307 1208 431 1270 PlSTll.
453 1210 627 1271 Jsmdudum
639 1207 707 1267 milri
715 1206 827 1289 cornix,
839 1225 948 1267 sursum
957 1210 989 1265 ut
998 1206 1154 1283 tondemus,
1165 1210 1301 1283 quiddam
1316 1210 1357 1269 si·

307 1291 393 1351 ilicet.

266 1310 426 1431 wEUEL.
449 1368 505 1429 Hic
518 1370 614 1429 itidem
625 1370 760 1446 graculus
782 1388 893 1429 sursum
908 1369 988 1426 hiens
1007 1373 1129 1443 spectat,
1144 1372 1222 1443 quusi
1241 1372 1356 1445 aliquid

265 1454 335 1513 milri
348 1459 537 1510 monstrsret:
552 1470 644 1526 nequo
656 1454 773 1509 omuino
787 1450 848 1509 lieri
862 1456 966 1526 potest,
976 1450 1046 1525 quiu
1056 1450 1102 1512 ute
1114 1450 1171 1510 siut
1181 1460 1266 1511 eves?
1280 1450 1355 1515 Jsuu
1413 1480 1414 1507 ;

266 1535 406 1605 scibimus,
422 1536 470 1591 ubi
482 1534 604 1593 sonitum
618 1533 757 1609 pultando
769 1533 928 1599 fecerimus.

305 1612 430 1673 PlSTll.
452 1614 527 1673 Sciu’
542 1631 610 1672 vero
623 1613 690 1686 quid
702 1613 810 1675 lucius?
831 1632 915 1672 crure
927 1619 977 1669 tuo
992 1613 1073 1686 pults
1087 1617 1208 1686 petrum.

305 1692 425 1753 EUEL.
447 1698 534 1752 Atto
549 1694 653 1769 eapite,
667 1695 716 1767 sis,
730 1695 838 1769 duplex
852 1700 884 1751 ut
896 1695 1039 1753 exoriatur
1050 1710 1144 1753 sonus.

303 1773 431 1833 PlSTll.
453 1772 531 1849 Ergo
543 1774 643 1847 ituque
654 1782 751 1835 sumto
764 1777 858 1852 lupide
871 1777 962 1850 pulta.

305 1852 425 1913 EUEL.
447 1852 568 1929 Utique,
582 1854 716 1927 siquidem
732 1855 855 1915 ridetur.
898 1854 983 1931 Puer,
998 1853 1066 1913 lusus
1081 1872 1161 1930 puer·
1414 1896 1415 1939 3

304 1932 430 1994 PISTH.
451 1933 529 2003 Quid
543 1933 671 1994 tumihi?
693 1934 824 2012 Epopem
837 1943 1020 2057 eupseturus,
1034 1932 1204 1999 Puerdiuv.
1236 1933 1352 2001 Nouus

266 2034 428 2157 ''toltf
441 2014 932 2174 lltltlltltllltltin
947 2095 1064 2160 neno
1084 2094 1210 2173 unio.

302 2176 455 2237 TROCH.
477 2179 601 2246 Quinum
614 2178 665 2252 lsi?
684 2181 748 2255 quis
759 2183 894 2241 inclamet
906 2177 1029 2239 herum?

302 2257 421 2317 EUEL.
445 2261 555 2332 Apollo
568 2261 749 2331 Avernorum,
763 2260 813 2335 qui
828 2260 934 2321 rictus!

302 2336 455 2396 TROCH.
477 2337 531 2397 Vre
544 2338 613 2395 milri
626 2339 746 2398 misero!
765 2359 892 2415 aucupes
905 2340 953 2399 isti
965 2346 1042 2403 suut.

302 2416 422 2477 EUEL.
442 2417 470 2476 0
486 2419 573 2493 boue,
587 2419 656 2493 quid
667 2423 869 2481 conturberis?
893 2440 1025 2483 numeni
1038 2422 1159 2486 meliors
1169 2439 1230 2483 nou
1242 2422 1347 2496 loque.

261 2497 325 2555 ris?

301 2575 453 2639 TROCH.
472 2576 553 2637 Mule
566 2580 706 2654 peribitis.

301 2657 420 2717 EUllL.
442 2660 536 2732 Atqui
549 2661 676 2720 homiues
689 2680 749 2720 nou
761 2679 867 2723 sumus.

299 2737 453 2799 TROCH.
474 2738 552 2809 Quid
566 2741 658 2818 ergo?

300 2818 420 2880 EUEL.
442 2821 630 2900 Hypodedios
642 2842 696 2899 ego
708 2841 784 2899 sum,
798 2824 856 2883 uvis
870 2819 990 2901 lybica„

299 2901 454 2961 TROCH.
474 2902 555 2959 Nihil
570 2903 650 2961 dicis.

298 2979 418 3042 EUEL.
439 2984 480 3039 At
492 2983 568 3041 enim
580 2983 727 3058 interroga
739 2983 824 3058 pedes
839 2987 962 3043 nostros.
1168 3046 1176 3065 x

297 3060 449 3120 TROCH.
471 3060 560 3123 Hioee
572 3082 642 3122 vero
654 3065 715 3138 quis
728 3072 772 3122 est
783 3063 860 3127 oles?
880 3068 947 3137 quin
959 3062 1053 3125 diois!

297 3139 430 3200 PISTH.
449 3139 647 3217 Epicechodos
658 3146 785 3218 equidem
799 3144 1004 3207 Pluresiuuicus.

297 3219 417 3278 EUEL.
439 3222 481 3278 At
493 3229 533 3295 tu,
546 3226 613 3296 quid
626 3229 738 3283 tuudem
751 3226 879 3287 animulis
890 3247 931 3303 es,
945 3222 1085 3291 obsecro?

295 3298 450 3360 TROCH.
472 3303 541 3362 Ales
553 3306 681 3377 equidem
690 3325 795 3375 servus.

297 3378 418 3440 EUEL.
440 3380 471 3441 N
474 3402 520 3440 uun
532 3386 570 3442 ab
583 3388 681 3460 uliquo
694 3394 846 3462 superatus
860 3408 889 3449 es
901 3385 999 3466 gello?

296 3459 449 3521 TROCH.
471 3462 602 3525 Minime.
643 3468 698 3527 sed
710 3471 828 3539 quondo
841 3471 925 3528 herus
938 3488 1014 3529 meus
1026 3469 1055 3529 iu
1069 3486 1191 3543 epopem
1210 3474 1254 3529 est
1270 3488 1336 3531 cuu-

255 3560 364 3610 versus,
379 3549 447 3601 tuuc
460 3545 522 3605 fieri
534 3567 580 3606 me
592 3565 708 3623 quoque
722 3552 834 3625 optavit
845 3552 953 3625 alitem,
965 3557 998 3609 ut
1010 3568 1028 3608 a
1039 3550 1157 3625 pedibus
1168 3569 1214 3611 me
1222 3552 1336 3613 heberet

255 3624 467 3683 etmiuistrum.
825 3670 844 3705 ,

295 3700 413 3761 EUEL.
435 3706 484 3761 Au
496 3706 580 3781 igitur
594 3709 640 3767 avi
652 3707 736 3767 etiam
751 3727 817 3769 usus
830 3715 873 3769 est
888 3712 1017 3770 ministro
1031 3706 1151 3785 aliquo?

295 3783 447 3845 TROCH.
461 3784 518 3844 Hic
538 3789 658 3861 quidem,
673 3791 789 3862 opinor,
804 3798 907 3867 utpote
930 3791 979 3867 qui
1001 3792 1122 3851 antehae
1147 3790 1233 3851 homo
1250 3789 1334 3851 suerit

256 3863 336 3936 olim,
349 3883 425 3923 nuno
446 3867 569 3939 quidem·
579 3870 727 3930 comedere
748 3873 829 3946 cupit
842 3890 929 3948 epuns
952 3872 1135 3932 Phaelericus:
1166 3890 1232 3949 ego,
1244 3880 1333 3933 sumto

256 3945 357 4017 trulla,
370 3946 408 4003 sd
420 3964 508 4020 epuns
520 3966 628 4007 curro:
658 3968 735 4009 nuuc
757 3960 852 4011 autem
877 3956 983 4028 pultem
1005 3954 1167 4026 desiderat3
1207 3952 1333 4013 tudieuls

254 4041 331 4099 opus
343 4031 386 4081 ost
398 4031 428 4083 et
440 4028 498 4085 olle
509 4047 519 4098 ;
541 4032 691 4089 tudieulum
705 4036 867 4092 arcessitum
882 4052 980 4093 curro.

295 4102 415 4166 EUEL.
435 4103 588 4168 Trochilus
599 4113 656 4179 eles
669 4112 784 4171 isteest.
825 4114 901 4174 Soin’
911 4134 980 4191 ergo
989 4115 1057 4189 quid
1067 4113 1166 4193 iacies,
1176 4111 1329 4175 Trochile?

251 4184 351 4246 lenm
364 4184 447 4253 uubis
458 4206 540 4247 vocs.

294 4264 447 4326 TROCH.
468 4269 660 4342 Atquihurcle
671 4273 759 4335 modo
771 4273 955 4355 obdormivit,
966 4276 1331 4355 postquumeomoditmyr·

256 4344 566 4429 diametrorum
575 4352 696 4429 aliquot.
