2875 4984
515 239 727 304 PLUTUS.
862 287 865 294 -
1103 255 1161 311 109

100 401 214 462 CAR.
237 400 362 462 Ubinam
374 418 443 476 ergo
457 401 552 458 melius
563 399 751 470 dedicabitur,
766 415 853 473 quam
874 398 1019 460 albumini
1039 421 1160 477 nequam

55 490 96 544 ,et
115 487 258 558 parietum
273 482 429 557 perfossori
450 483 603 556 injiciatur.
645 481 687 538 At
700 478 826 539 Plutum
837 484 933 542 ornari
951 485 1061 543 decoris
1074 488 1162 545 resti·

58 568 174 622 mentis
190 583 242 638 par
255 571 307 621 est.

108 645 134 704 J
138 645 226 704 UST.
249 644 358 703 Calceis
371 651 464 700 autem
481 641 541 700 istis
558 641 626 716 quid
638 640 794 700 faciemus?
816 645 863 700 dic
875 647 953 704 milri.

111 725 216 784 CAR.
239 724 276 782 Et
289 726 358 782 istos
371 731 496 782 actutum
509 724 545 780 ad
564 724 700 798 frontem,
716 731 852 796 tauquam
874 727 910 784 ad
923 729 1086 803 oleastrum,
1102 729 1161 786 cla.

62 811 109 864 ris
128 807 251 881 adligam
266 806 341 864 huic.

109 886 204 945 SYC.
228 889 346 943 Abibo:
368 905 433 944 uam
442 886 533 946 sentio
547 904 592 942 me
601 884 1032 946 multoiulcrioremesserobis.
1075 888 1162 948 Sive.

63 989 102 1026 ro
115 970 231 1026 socium
244 969 312 1024 mihi
324 968 471 1026 adscirero
484 967 659 1042 quempiam,
672 966 782 1026 tametsi
804 967 969 1043 ficulneum,
986 976 1088 1043 potens
1109 971 1164 1029 iste

65 1051 156 1107 Deus
173 1055 206 1104 ut
219 1048 287 1106 mihi
299 1066 398 1123 poerras
412 1051 471 1123 det,
485 1049 554 1106 faxo
564 1048 669 1118 hodie3
701 1048 932 1122 quandoquidem
945 1051 1023 1108 solus
1036 1058 1065 1107 et
1088 1069 1163 1110 uuor

65 1130 155 1188 tollit
167 1128 318 1190 mauit'esto
334 1132 501 1205 popularem
514 1136 629 1204 statum,
644 1147 675 1185 re
687 1147 740 1187 nec
752 1129 782 1184 in
793 1136 903 1206 senatu,
916 1151 970 1191 nec
982 1132 1057 1206 apud
1067 1150 1162 1207 popu-

64 1214 134 1268 lum
145 1211 312 1268 deliberata.

112 1289 225 1350 JUST.
247 1289 293 1348 Tu
313 1309 393 1365 vero,
407 1290 540 1365 quoniam
560 1297 705 1348 armatura
724 1312 787 1352 mea
807 1297 965 1353 instructus
978 1294 1095 1363 incedis,
1111 1311 1163 1368 aga

66 1374 101 1431 in
119 1373 255 1430 balneum
269 1391 373 1430 curre:
396 1373 497 1432 deiude
514 1373 553 1430 ibi
564 1373 683 1445 primam
694 1377 846 1436 stationem
866 1376 1000 1435 obtineas
1019 1375 1162 1433 teoalcta·
1275 1372 1278 1381 ’

68 1456 153 1512 cias:
178 1472 242 1511 uam
258 1461 286 1510 et
299 1454 415 1510 eandem
429 1473 482 1530 ego
497 1454 563 1510 olim
576 1454 660 1510 tenui.

114 1532 274 1593 CHREM.
295 1533 349 1590 Sed
364 1535 513 1592 balneator
529 1533 676 1608 protrahet
688 1554 751 1592 eum
763 1536 842 1595 toras
858 1537 1027 1611 prehensum
1047 1537 1163 1593 testicu-

66 1617 106 1672 lis
121 1635 130 1673 ι
153 1633 230 1688 nam,
246 1615 296 1672 obi
310 1633 375 1674 eum
388 1615 498 1685 viderit,
513 1614 717 1674 animadvertet
730 1618 823 1688 ipsum
837 1636 897 1675 esse
911 1637 946 1675 ex
959 1617 1096 1691 sequioris
1108 1635 1164 1674 uo-

68 1707 112 1760 tae
128 1696 303 1754 hominibus.
346 1697 387 1752 At
401 1713 453 1752 uos
467 1695 670 1768 ingrediamur,
684 1703 714 1754 ut
724 1698 826 1757 adorea
839 1697 943 1758 Deam.

116 1775 245 1837 CHOR.
266 1775 379 1852 (Deest
390 1773 483 1836 Chora*
496 1777 670 1848 cauticum.)

186 2009 307 2086 aava,
323 2008 498 2085 οιιοιιιιι,
515 2006 783 2085 euasurum,
797 2007 1068 2070 Aaouascaus.

113 2164 185 2224 AN.
208 2165 303 2238 Anne,
319 2167 421 2240 optimi
434 2183 524 2241 sanes,
538 2167 573 2222 ad
585 2163 696 2225 domum
711 2168 781 2225 aovi
802 2167 882 2224 istius
897 2165 952 2223 Dei
973 2185 1039 2224 rere
1064 2182 1167 2240 porra·

71 2250 181 2322 aimus,
195 2254 246 2304 aut
260 2254 322 2304 tota
336 2249 381 2304 via
394 2249 604 2304 aberravimus
598 2244 608 2286 Ρ

113 2325 240 2385 CHOR
263 2328 303 2385 At
325 2330 398 2385 scito
411 2331 474 2385 ad
468 2347 560 2402 ipsum
582 2335 610 2386 te
625 2326 790 2400 pervenisse
803 2331 916 2403 ostium,
931 2329 1163 2387 adolescentula·

71 2427 140 2476 pam
155 2407 250 2483 lepide
264 2409 426 2466 sciscitaris

115 2489 188 2547 AN
213 2493 277 2563 Age
290 2509 370 2564 ergo,
386 2489 563 2546 familiarium
575 2488 736 2583 quempiam
750 2492 879 2548 evocabo
890 2492 978 2549 sorae.

116 2567 277 2627 CHREM.
301 2569 348 2628 Ne
361 2571 453 2628 sarrs
477 2589 531 2644 ego
548 2589 622 2627 earm
637 2587 696 2642 ipse
715 2589 841 2643 egressus
856 2590 925 2633 sum
966 2571 1020 2628 Sed
1044 2588 1166 2646 quamo-

72 2651 153 2712 brem
167 2653 288 2708 maxime
301 2653 422 2726 veneris,
436 2652 530 2707 dicere
545 2659 574 2707 te
584 2669 636 2724 par
651 2656 703 2706 ast.

114 2729 187 2788 ΑΝ.
212 2730 361 2805 Perpetior
375 2733 473 2806 gravia
485 2738 513 2788 at
527 2730 676 2802 nefaria,
660 2749 678 2786 o
694 2731 803 2787 amice.
826 2750 891 2788 uam
905 2751 940 2788 ex
953 2751 1012 2805 quo
1025 2728 1101 2788 Deus
1114 2734 1168 2790 ista

72 2814 165 2886 coepit
179 2813 286 2888 videre,
302 2813 377 2869 haud
393 2813 505 2870 vitalem
521 2813 642 2868 reddidit
654 2809 740 2866 vitam
753 2811 833 2867 mihi.

116 2891 277 2952 CHREM.
299 2891 453 2964 Quidrero
463 2893 529 2954 esti
552 2912 617 2950 uum
631 2899 665 2948 tu
680 2892 766 2950 etiam
783 2891 1072 2968 sycophautriaiuter
1084 2850 1167 2946 muli·

72 2975 236 3045 eraseras?

114 3054 191 3115 AN.
213 3053 301 3124 Haud
309 3059 419 3118 ecastor
433 3073 496 3128 ego.

116 3121 276 3196 CHREM.
298 3134 357 3192 Aut
366 3136 476 3192 literam
489 3153 547 3192 ιιοιι
559 3135 661 3192 sortita
673 3151 713 3207 es,
729 3150 792 3206 quac
805 3133 880 3190 tibi'
867 3151 916 3207 Jus
926 3134 1008 3197 daret
1016 3131 1113 3208 gratus
1125 3129 1169 3188 bi-

76 3216 190 3280 bandi?

120 3299 188 3362 AN
212 3296 337 3355 Irrides.
360 3296 588 3372 agoreroperii.
632 3292 892 3352 Itaurormisera.

117 3376 279 3441 CHREM.
302 3376 409 3436 Annon
422 3379 515 3450 itaque
526 3375 693 3450 properabis
703 3375 807 3446 dicere,
817 3377 883 3448 quid
894 3381 988 3433 tetam
998 3375 1071 3432 male
1080 3374 1163 3430 urat.
1155 3371 1166 3412 Ρ

118 3462 191 3520 ΑΝ.
214 3461 366 3517 Ausculta
410 3457 481 3514 Erat
494 3459 561 3514 mihi
583 3456 820 3528 adolescentulus,
835 3473 920 3528 quem
942 3458 1082 3525 amabam,
1090 3471 1170 3549 ‘pau-

78 3545 272 3619 perquiram,
288 3541 336 3596 sad
354 3541 577 3610 venustorum,
592 3545 622 3594 et
644 3536 763 3610 pulcher
776 3544 807 3595 ct
830 3537 946 3608 probus
987 3534 1098 3593 Nam
1076 3553 1100 3590 ιι
1112 3551 1171 3606 qua

79 3647 111 3683 re
125 3626 195 3684 mihi
209 3625 285 3681 forte
291 3639 367 3697 opus
380 3629 464 3692 esset,
478 3621 574 3676 omnia
585 3618 709 3675 faciebat
722 3617 790 3675 mihi
813 3618 945 3674 decenter
959 3623 989 3674 et
1001 3616 1093 3684 scite3
1114 3630 1169 3687 ego

79 3727 150 3778 raro
162 3705 283 3764 vicissim
297 3703 326 3758 iu
341 3702 437 3758 iisdem
453 3702 582 3766 omnibus
592 3717 707 3772 operam
718 3718 745 3756 cr
736 3699 869 3757 Qdabam

120 3783 280 3846 CHREM.
302 3780 380 3849 Quid
393 3790 488 3846 autem
501 3788 574 3854 erat,
583 3780 662 3852 quod
675 3797 693 3834 a
706 3787 734 3837 te
747 3787 858 3852 peteret
870 3775 1011 3835 maxime?

120 3867 193 3930 AN
215 3865 283 3923 Νοιι
298 3869 409 3926 multa
433 3863 536 3919 etenim
556 3881 601 3918 me
615 3861 758 3933 impendio
772 3862 963 3918 reverebatur
1005 3840 1059 3913 Sed
1080 3855 1171 3930 rigin-

80 3951 104 4007 ci
114 3949 262 4006 drachmas
276 3934 392 4018 petebat
406 3931 577 4016 quandoque
590 3942 626 4000 ad
636 3947 741 4005 vestem
753 3943 918 4000 emendam.
941 3944 1009 3996 octo
1027 3942 1120 3995 autern
1134 3937 1172 3993 ad

84 4031 218 4098 calceos:
250 4033 280 4082 et
293 4026 416 4082 tunicam
429 4026 578 4082 sororibus
597 4040 689 4083 amera
705 4041 750 4080 me
761 4022 894 4097 jubebat,
905 4021 1044 4094 matrique
1054 4020 1171 4093 pallam,

83 4107 273 4180 spumantique
286 4107 402 4180 petebat
415 4108 525 4163 modios
540 4113 672 4178 quatuor.

125 4188 281 4254 CHREM.
304 4188 390 4244 Haud
403 4190 492 4244 multa
510 4205 587 4260 saue,
603 4187 644 4242 ita
662 4201 706 4240 me
719 4181 828 4256 Apollo
841 4185 926 4256 amet,
939 4182 995 4242 ista
1013 4186 1093 4259 sunt,
1108 4195 1172 4252 qua

85 4271 333 4346 commemorasti:
356 4268 405 4346 aad
420 4274 541 4350 apparet
553 4266 634 4346 illum
648 4273 676 4326 ta
690 4263 840 4328 reveritum
854 4282 924 4324 esre.
