2875 4984
262 323 305 386 rs
378 293 383 300 ’
586 317 1017 383 snrsroensurs·

304 472 401 538 ΕΗΒ.
422 475 547 538 Stolidus
559 476 635 534 euim
648 495 730 536 erasr
752 477 890 536 reiuhoe
901 475 997 534 relius.
1423 534 1424 553 χ

142 571 144 580 “
259 605 264 614 .
304 555 456 676 peccet.
480 553 519 614 Et
530 558 656 616 mihimet
675 559 731 632 ipsi
747 557 855 616 videor.
897 555 961 614 Cur
980 557 1074 613 autem
1096 552 1154 612 lsoe
1170 550 1300 612 iaciebat
1320 552 1361 614 il·

266 639 313 700 ¹⁰·
1046 670 1054 691 l
1423 700 1424 707 .

257 709 265 716 ’
306 714 402 776 ΕΗΒ.
425 715 536 790 Nempe
556 735 592 774 ex
614 717 815 790 ostentatione,
829 722 863 776 ut
882 718 1031 790 spectator
1042 713 1156 772 sederet
1175 717 1362 789 exspectans,
1423 714 1424 799 i

258 797 382 936 ,ἓξαικίο
397 795 496 856 Nioba
515 799 684 870 loqueretur
707 799 840 856 tandem:
860 797 969 855 interea
989 796 1084 870 ipsum
1106 797 1205 852 drama
1217 796 1361 870 procede·
1423 840 1424 909 1

217 993 222 998 -
298 955 455 1016 ‚unceis
477 955 629 1017 Hominem
638 956 818 1032 improbum!
839 973 925 1029 quam
938 956 1063 1032 turpiter
1075 955 1190 1030 ergoeb
1203 972 1239 1012 eo
1252 953 1362 1029 decep·
1423 958 1424 961 ’

270 1037 317 1096 tus
331 1054 392 1095 sum
407 1037 416 1096 l
439 1039 504 1112 quid
520 1039 708 1112 pandiculeris
721 1042 750 1096 et
762 1039 912 1110 impatiens
925 1033 980 1093 esi
1423 1090 1424 1093 ,

279 1116 406 1178 .·.ΕΗΒ.
428 1117 582 1186 Quiaeunr
604 1119 756 1175 convinco.
797 1115 917 1187 Deinde,
931 1117 980 1173 nbi
993 1115 1029 1172 ud
1045 1109 1122 1172 lrune
1135 1113 1252 1171 modum
1266 1131 1361 1186 nuga.
1423 1118 1424 1187 ξ

270 1203 315 1254 tus
330 1198 445 1274 luisset,‘
456 1198 571 1256 dimidia
581 1197 642 1272 jam
656 1199 791 1256 dramatis
806 1205 889 1270 poete
901 1204 977 1269 ueta,
991 1195 1078 1252 verbe
1097 1195 1225 1267 quaedem
1238 1193 1362 1270 grandia
1423 1256 1424 1277 ἢ

270 1278 420 1334 duodecim
432 1278 628 1351 eloquebatur,
642 1278 829 1352 superciliosa
840 1284 870 1335 et
882 1277 1009 1346 cristata,
1022 1275 1166 1333 horrenda
1174 1274 1263 1332 veluti
1275 1273 1361 1332 terrio
1423 1286 1424 1305 ³

271 1359 442 1426 calamentis,
456 1359 557 1431 ignota
569 1359 786 1431 spectatoribus.
1423 1344 1424 1379 ³

240 1481 250 1486 -
310 1435 434 1495 AEscfl.
457 1437 627 1496 Heiruisero
642 1437 727 1496 mihil
775 1449 781 1462 ·

312 1517 456 1576 ΒΑΗΟΗ.
478 1517 565 1575 Tace.

311 1595 409 1656 ΕΗΒ.
431 1596 615 1671 Perspicuum
629 1603 725 1656 auteur
737 1597 806 1662 nilril
819 1596 941 1655 dieebet.

273 1715 276 1722 1
312 1675 460 1735 BACCH.
483 1676 805 1736 Netrendedentibns.·
907 1727 911 1740 ,

313 1753 409 1813 EUR.
431 1756 486 1814 Sed
507 1763 557 1813 snt
569 1755 766 1829 Scimandres,
779 1763 831 1813 eut
848 1756 949 1827 fossas,
962 1759 1014 1812 ant
1036 1755 1205 1830 clypeorum
1224 1753 1359 1828 insignia,

273 1839 330 1892 aere
342 1837 443 1894 ductes
455 1826 752 1912 grypho-equitarunt
762 1837 851 1894 rerba
862 1835 982 1910 grandis
994 1840 1152 1911 prmum,
1168 1850 1232 1907 quo
1244 1833 1361 1908 conjec-
1423 1824 1424 1847 ¹

274 1920 340 1971 tura
352 1917 467 1987 adsequi
479 1935 538 1972 non
552 1923 615 1972 erat
628 1916 723 1974 facile.

312 1993 461 2055 BACCll.
484 1993 531 2054 lte
543 1995 658 2054 hercle:
682 1993 748 2052 nam
769 2013 825 2070 ego
837 1993 989 2068 aliquando
1001 1993 1090 2066 longo
1112 1998 1241 2066 tempore
1266 1991 1363 2068 noctis

271 2075 385 2151 vigilavi
399 2093 529 2149 quaerens
542 2093 664 2149 mecum,
678 2077 794 2150 quinam
807 2077 845 2132 sit
857 2077 914 2132 oles
928 2075 1017 2130 flavus
1031 2072 1080 2128 ille
1090 2073 1278 2148 equo-gellus.

314 2153 438 2216 AESCH.
460 2155 577 2228 Insigne
588 2155 640 2225 est,
652 2156 671 2212 ὀ
687 2154 824 2229 perquam
835 2155 951 2228 rustice,
963 2152 1042 2225 quod
1056 2155 1175 2226 naribus
1187 2154 1308 2229 adpingi
1316 2171 1362 2211 so·

274 2235 325 2292 let.
500 2256 515 2280 w
573 2273 576 2280 .
752 2283 755 2290 .

314 2311 461 2372 ΒΑΟΗΗ.
486 2313 528 2370 nt
541 2331 594 2388 ego
609 2312 719 2391 Eryxin
734 2314 870 2390 putabam
881 2329 942 2372 esse
956 2311 1107 2372 Philoxeni
1122 2312 1221 2393 filiurn.

314 2391 410 2450 ΕΗΒ.
434 2393 548 2467 Ergone
561 2397 588 2451 in
604 2396 746 2467 tragoediis
760 2397 915 2470 oportebat
925 2401 954 2451 et
967 2395 1059 2469 gallos
1071 2392 1199 2467 lingere?
1267 2409 1270 2420 ⁴

316 2470 440 2529 AEsctl.
462 2473 510 2530 Tu
524 2493 604 2547 vero,
619 2475 671 2530 diis
686 2475 785 2548 invise,
799 2491 864 2547 qum
877 2475 980 2544 fecisti,
994 2474 1076 2545 cedo,
1090 2473 1189 2545 qualia
1202 2469 1295 2530 sont?

316 2549 412 2608 EUR.
429 2551 504 2612 'Non
517 2554 624 2627 edepol
631 2557 789 2630 equignllos
802 2555 867 2628 feei,
880 2572 933 2611 uec
943 2555 1136 2628 eaprieerros‚
1150 2560 1185 2611 ut
1205 2560 1248 2623 tu,
1263 2551 1363 2626 eujus·

276 2631 352 2689 modi
366 2633 395 2688 in
409 2635 505 2690 aulaeis
520 2633 641 2692 Persicis
654 2635 734 2710 pingi
748 2637 853 2693 solent.
895 2633 949 2692 Sed
962 2651 1048 2707 quum
1062 2637 1185 2707 primum
1198 2641 1290 2691 artem
1304 2652 1325 2689 a
1336 2638 1365 2690 ts

276 2715 373 2786 accepi
388 2720 544 2788 turgentem
559 2716 635 2772 inani
648 2716 737 2787 fastu,
753 2724 784 2772 et
795 2717 889 2772 verbis
902 2716 1038 2786 molestis,
1051 2715 1204 2786 primulum
1229 2731 1293 2772 eam
1307 2719 1365 2769 stn-

276 2791 327 2850 tius
342 2797 494 2866 attenuari,
507 2801 537 2852 et
549 2795 576 2852 ei
591 2798 702 2867 pondus
714 2797 836 2867 detruxi,
850 2795 1011 2851 substitutis
1028 2793 1173 2852 uersiculis
1184 2798 1214 2851 et
1227 2793 1365 2850 deambu·
1423 2806 1424 2809 ’

275 2871 439 2943 lotionibus,
453 2883 483 2930 et
497 2874 570 2930 betis
582 2873 710 2944 minutis,
725 2876 878 2948 additoque
894 2873 1130 2948 nugamentorum
1150 2891 1237 2931 succo
1252 2892 1269 2930 o
1283 2873 1365 2930 libris

274 2969 409 3025 expresso
422 2961 451 3011 et
464 2953 632 3025 percolato:
656 2954 758 3012 deinde
765 2972 827 3012 eam
840 2954 1105 3028 nutririmonodiis,
1119 2954 1241 3012 admisto
1254 2951 1365 3027 Ceplri·

275 3033 428 3104 sophoute.
469 3031 495 3088 T
499 3051 542 3087 um
557 3051 615 3089 nou
629 3036 786 3107 garriebam
800 3035 941 3106 quidlibet
954 3041 1067 3104 temere,
1081 3051 1175 3106 neque
1187 3050 1366 3106 quecunque

277 3111 638 3203 seuofferrentmiseebam:
669 3115 717 3170 sed
737 3115 788 3185 qui
801 3115 944 3195 prodibat
955 3113 985 3170 in
999 3131 1123 3190 scenam,
1138 3115 1234 3172 statim
1258 3113 1366 3173 inmitti

277 3207 472 3407 ΡΠΗΧξΗΗῗ
487 3193 825 3332 ΒΗΗΕΒΗΗΗΒΗΗΗΗΗΗ
836 3277 924 3350 magis
936 3276 1072 3334 denorum
1091 3278 1168 3351 erat,
1182 3253 1268 3348 q'u'am
1281 3277 1366 3332 tuum

277 3366 365 3422 sperus
400 3369 477 3409 rerer.
879 3378 883 3395 ·

318 3426 412 3488 ΕΗΒ.
435 3431 544 3514 Deinde
557 3435 684 3506 aprinis
698 3437 766 3495 inde
774 3435 900 3493 versibus
910 3436 1015 3494 nullam
1030 3450 1182 3509 personam
1196 3433 1321 3490 otiosam
1329 3433 1365 3490 si·

276 3509 302 3566 ri
316 3528 324 3564 τ
347 3511 395 3566 sed
408 3513 577 3585 loquebatur
589 3516 656 3572 mihi
669 3523 699 3574 et
712 3511 826 3594 multer,
841 3523 871 3575 et
884 3517 954 3573 nihil
977 3517 1068 3573 minus
1081 3532 1190 3590 servus,
1204 3521 1295 3586 etque
1314 3515 1368 3576 hoa

276 3606 336 3660 rus,
350 3591 417 3646 item
432 3593 513 3666 virgo
526 3601 555 3650 et
568 3612 647 3653 anus.

239 3681 246 3698 ‘
297 3707 301 3714 -
316 3666 443 3728 AESCH.
464 3671 584 3746 Ergone
592 3691 726 3757 norgeras
738 3682 831 3734 morte
843 3677 946 3753 diguus
956 3675 1000 3733 lsis
1014 3673 1107 3733 amis?
1233 3735 1237 3742 ,

316 3747 414 3808 ΕΗΒ.
437 3749 507 3808 Νοιι
522 3753 626 3812 hercle.
669 3755 745 3814 Nasu
761 3760 902 3830 populere
913 3763 957 3814 est
969 3757 1045 3814 istuc
1055 3773 1152 3814 meum
1164 3754 1285 3814 factum.

141 3864 144 3875 .
317 3825 466 3906 BACCH.
488 3830 569 3890 Istud
582 3836 705 3908 quldenr,
720 3838 740 3895 d
755 3840 839 3907 bone,
853 3837 972 3909 omitte3
994 3854 1056 3894 nou
1067 3838 1144 3895 enim
1161 3855 1196 3896 eu
1208 3835 1245 3894 de
1255 3851 1287 3894 re
1299 3833 1365 3910 pul·
1423 3838 1424 3845 ’

156 3920 157 3923 ’
281 3905 580 3984 chretibidipntatio.
822 3955 825 3960 -
1194 3944 1197 3951 ·
1274 3937 1279 3945 '

257 3995 260 4002 ’
318 3985 416 4045 ΕΗΒ.
439 3989 548 4050 Deinde
559 3995 629 4051 istor
641 4001 731 4053 artem
745 3997 858 4056 dicendi
869 3996 963 4054 dorni.
1071 4062 1074 4069 ,

320 4063 446 4126 AESCH.
469 4068 577 4129 Fateor
589 4076 729 4149 equidem.
771 4077 826 4136 sen
835 4077 1124 4152 autequandooeres,
1138 4076 1249 4135 utinam
1258 4073 1364 4134 medius

192 4189 207 4218 v,
273 4145 555 4223 taurorumque!
1107 4178 1115 4183 ·
1191 4184 1195 4192 ·
1321 4182 1326 4194 “

219 4249 232 4258 ·
322 4223 419 4288 ΕΗΒ.
441 4227 799 4312 Etsubtiliumregularum
808 4238 1230 4319 usumflerbornmqueflexus,
1239 4234 1364 4296 eoimad·
