<?xml version="1.0" encoding="UTF-8"?>
<!DOCTYPE html PUBLIC "-//W3C//DTD XHTML 1.0 Transitional//EN"
    "http://www.w3.org/TR/xhtml1/DTD/xhtml1-transitional.dtd">
<html xmlns="http://www.w3.org/1999/xhtml" xml:lang="en" lang="en">
 <head>
  <title>
</title>
<meta http-equiv="Content-Type" content="text/html;charset=utf-8" />
  <meta name='ocr-system' content='tesseract 3.04.00' />
  <meta name='ocr-capabilities' content='ocr_page ocr_carea ocr_par ocr_line ocrx_word'/>
</head>
<body>
  <div class='ocr_page' id='page_1' title='image "aristophaniscom00brungoog_0131.png"; bbox 0 0 2875 4984; ppageno 0'>
   <div class='ocr_carea' id='block_1_1' title="bbox 403 415 1168 520">
    <p class='ocr_par' dir='ltr' id='par_1_1' title="bbox 403 415 1168 520">
     <span class='ocr_line' id='line_1_1' title="bbox 403 415 1168 520; baseline 0.004 -38"><span class='ocrx_word' id='word_1_1' title='bbox 403 415 824 484; x_wconf 77' lang='lat' dir='ltr'>ECCLESIAZUSAE.</span> <span class='ocrx_word' id='word_1_2' title='bbox 872 516 875 520; x_wconf 18' lang='grc' dir='ltr'>ι</span> <span class='ocrx_word' id='word_1_3' title='bbox 1107 427 1168 485; x_wconf 76' lang='lat' dir='ltr'><strong>tat</strong></span> 
     </span>
    </p>
   </div>
   <div class='ocr_carea' id='block_1_2' title="bbox 78 577 1166 3488">
    <p class='ocr_par' dir='ltr' id='par_1_2' title="bbox 81 577 1166 894">
     <span class='ocr_line' id='line_1_2' title="bbox 81 577 1165 660; baseline 0.006 -25"><span class='ocrx_word' id='word_1_4' title='bbox 81 578 260 650; x_wconf 83' lang='lat' dir='ltr'><strong>nequeenim</strong></span> <span class='ocrx_word' id='word_1_5' title='bbox 273 594 319 637; x_wconf 86' lang='lat' dir='ltr'><strong>me</strong></span> <span class='ocrx_word' id='word_1_6' title='bbox 330 577 479 654; x_wconf 86' lang='lat' dir='ltr'><strong>quisquam</strong></span> <span class='ocrx_word' id='word_1_7' title='bbox 491 598 569 638; x_wconf 89' lang='lat' dir='ltr'><strong>nunc</strong></span> <span class='ocrx_word' id='word_1_8' title='bbox 582 586 728 640; x_wconf 86' lang='lat' dir='ltr'><strong>cacantem</strong></span> <span class='ocrx_word' id='word_1_9' title='bbox 742 581 854 640; x_wconf 80' lang='lat' dir='ltr'><strong>viderit.</strong></span> <span class='ocrx_word' id='word_1_10' title='bbox 897 577 954 640; x_wconf 85' lang='lat' dir='ltr'><strong>Hei</strong></span> <span class='ocrx_word' id='word_1_11' title='bbox 967 581 1073 640; x_wconf 83' lang='lat' dir='ltr'><strong>misero</strong></span> <span class='ocrx_word' id='word_1_12' title='bbox 1083 583 1165 660; x_wconf 85' lang='lat' dir='ltr'><strong>mihi,</strong></span> 
     </span>
     <span class='ocr_line' id='line_1_3' title="bbox 81 661 1166 740; baseline 0.007 -25"><span class='ocrx_word' id='word_1_13' title='bbox 81 661 169 734; x_wconf 90' lang='lat' dir='ltr'><strong>quod,</strong></span> <span class='ocrx_word' id='word_1_14' title='bbox 183 678 271 718; x_wconf 83' lang='lat' dir='ltr'><strong>serrex</strong></span> <span class='ocrx_word' id='word_1_15' title='bbox 289 678 377 734; x_wconf 89' lang='lat' dir='ltr'><strong>quum</strong></span> <span class='ocrx_word' id='word_1_16' title='bbox 398 679 498 736; x_wconf 85' lang='lat' dir='ltr'><strong>essem,</strong></span> <span class='ocrx_word' id='word_1_17' title='bbox 511 663 643 720; x_wconf 84' lang='lat' dir='ltr'><strong>duxerim</strong></span> <span class='ocrx_word' id='word_1_18' title='bbox 666 661 806 720; x_wconf 81' lang='lat' dir='ltr'><strong>uxorem!</strong></span> <span class='ocrx_word' id='word_1_19' title='bbox 837 668 909 735; x_wconf 92' lang='lat' dir='ltr'><strong>quot</strong></span> <span class='ocrx_word' id='word_1_20' title='bbox 922 682 976 740; x_wconf 89' lang='lat' dir='ltr'><strong>ogo</strong></span> <span class='ocrx_word' id='word_1_21' title='bbox 1000 666 1166 723; x_wconf 80' lang='lat' dir='ltr'><strong>uerberibus</strong></span> 
     </span>
     <span class='ocr_line' id='line_1_4' title="bbox 82 739 1164 818; baseline 0.008 -23"><span class='ocrx_word' id='word_1_22' title='bbox 82 742 167 813; x_wconf 78' lang='lat' dir='ltr'>plecti</span> <span class='ocrx_word' id='word_1_23' title='bbox 180 743 281 818; x_wconf 88' lang='lat' dir='ltr'><strong>diguus</strong></span> <span class='ocrx_word' id='word_1_24' title='bbox 294 740 379 800; x_wconf 87' lang='lat' dir='ltr'><strong>sum!</strong></span> <span class='ocrx_word' id='word_1_25' title='bbox 412 739 587 817; x_wconf 85' lang='lat' dir='ltr'><strong>Neutiquam</strong></span> <span class='ocrx_word' id='word_1_26' title='bbox 602 745 675 802; x_wconf 89' lang='lat' dir='ltr'><strong>enim</strong></span> <span class='ocrx_word' id='word_1_27' title='bbox 700 747 771 804; x_wconf 88' lang='lat' dir='ltr'><strong>boui</strong></span> <span class='ocrx_word' id='word_1_28' title='bbox 793 743 937 818; x_wconf 75' lang='lat' dir='ltr'><strong>quidpiam</strong></span> <span class='ocrx_word' id='word_1_29' title='bbox 961 753 1062 803; x_wconf 88' lang='lat' dir='ltr'><strong>actura</strong></span> <span class='ocrx_word' id='word_1_30' title='bbox 1084 746 1164 804; x_wconf 83' lang='lat' dir='ltr'><strong>exiit.</strong></span> 
     </span>
     <span class='ocr_line' id='line_1_5' title="bbox 81 817 905 894; baseline 0.005 -16"><span class='ocrx_word' id='word_1_31' title='bbox 81 817 188 878; x_wconf 81' lang='lat' dir='ltr'><strong>Verum</strong></span> <span class='ocrx_word' id='word_1_32' title='bbox 204 830 269 882; x_wconf 90' lang='lat' dir='ltr'><strong>utut</strong></span> <span class='ocrx_word' id='word_1_33' title='bbox 283 823 345 880; x_wconf 78' lang='lat' dir='ltr'><strong>bec</strong></span> <span class='ocrx_word' id='word_1_34' title='bbox 354 828 432 894; x_wconf 88' lang='lat' dir='ltr'><strong>suut,</strong></span> <span class='ocrx_word' id='word_1_35' title='bbox 446 823 561 883; x_wconf 79' lang='lat' dir='ltr'>interim</span> <span class='ocrx_word' id='word_1_36' title='bbox 575 827 731 883; x_wconf 80' lang='lat' dir='ltr'><strong>occandum</strong></span> <span class='ocrx_word' id='word_1_37' title='bbox 744 833 789 883; x_wconf 88' lang='lat' dir='ltr'><strong>est</strong></span> <span class='ocrx_word' id='word_1_38' title='bbox 801 833 905 882; x_wconf 85' lang='lat' dir='ltr'><strong>tamen.</strong></span> 
     </span>
    </p>

    <p class='ocr_par' dir='ltr' id='par_1_3' title="bbox 79 899 1165 1138">
     <span class='ocr_line' id='line_1_6' title="bbox 118 899 1165 984; baseline 0.005 -24"><span class='ocrx_word' id='word_1_39' title='bbox 118 899 199 960; x_wconf 83' lang='lat' dir='ltr'><strong>VIR</strong></span> <span class='ocrx_word' id='word_1_40' title='bbox 221 900 336 974; x_wconf 88' lang='lat' dir='ltr'>QUID.</span> <span class='ocrx_word' id='word_1_41' title='bbox 358 902 432 973; x_wconf 84' lang='lat' dir='ltr'><strong>Quis</strong></span> <span class='ocrx_word' id='word_1_42' title='bbox 457 905 517 962; x_wconf 90' lang='lat' dir='ltr'><strong>illic</strong></span> <span class='ocrx_word' id='word_1_43' title='bbox 543 903 607 965; x_wconf 81' lang='lat' dir='ltr'><strong>esti</strong></span> <span class='ocrx_word' id='word_1_44' title='bbox 649 925 749 964; x_wconf 91' lang='lat' dir='ltr'><strong>nonne</strong></span> <span class='ocrx_word' id='word_1_45' title='bbox 779 903 923 984; x_wconf 83' lang='lat' dir='ltr'><strong>Blepyrus</strong></span> <span class='ocrx_word' id='word_1_46' title='bbox 944 905 1075 964; x_wconf 74' lang='lat' dir='ltr'><strong>vicinus?</strong></span> <span class='ocrx_word' id='word_1_47' title='bbox 1109 905 1165 966; x_wconf 89' lang='lat' dir='ltr'><strong>Per</strong></span> 
     </span>
     <span class='ocr_line' id='line_1_7' title="bbox 79 979 1164 1062; baseline 0.007 -23"><span class='ocrx_word' id='word_1_48' title='bbox 79 979 181 1040; x_wconf 83' lang='lat' dir='ltr'><strong>Jorem</strong></span> <span class='ocrx_word' id='word_1_49' title='bbox 197 987 330 1061; x_wconf 88' lang='lat' dir='ltr'><strong>illeipsus</strong></span> <span class='ocrx_word' id='word_1_50' title='bbox 343 995 396 1043; x_wconf 87' lang='lat' dir='ltr'><strong>est.</strong></span> <span class='ocrx_word' id='word_1_51' title='bbox 438 984 493 1044; x_wconf 92' lang='lat' dir='ltr'><strong>Dic</strong></span> <span class='ocrx_word' id='word_1_52' title='bbox 507 987 586 1061; x_wconf 86' lang='lat' dir='ltr'><strong>mibi,</strong></span> <span class='ocrx_word' id='word_1_53' title='bbox 602 990 671 1060; x_wconf 92' lang='lat' dir='ltr'><strong>quid</strong></span> <span class='ocrx_word' id='word_1_54' title='bbox 686 987 740 1044; x_wconf 87' lang='lat' dir='ltr'><strong>sibi</strong></span> <span class='ocrx_word' id='word_1_55' title='bbox 754 988 815 1044; x_wconf 80' lang='lat' dir='ltr'><strong>ruit</strong></span> <span class='ocrx_word' id='word_1_56' title='bbox 827 988 884 1045; x_wconf 83' lang='lat' dir='ltr'><strong>hoc</strong></span> <span class='ocrx_word' id='word_1_57' title='bbox 898 990 1014 1046; x_wconf 89' lang='lat' dir='ltr'><strong>rubrum</strong></span> <span class='ocrx_word' id='word_1_58' title='bbox 1026 1008 1085 1062; x_wconf 94' lang='lat' dir='ltr'><strong>quo</strong></span> <span class='ocrx_word' id='word_1_59' title='bbox 1094 1006 1164 1048; x_wconf 85' lang='lat' dir='ltr'><strong>cou-</strong></span> 
     </span>
     <span class='ocr_line' id='line_1_8' title="bbox 82 1064 802 1138; baseline 0.007 -19"><span class='ocrx_word' id='word_1_60' title='bbox 82 1065 209 1138; x_wconf 79' lang='lat' dir='ltr'><strong>tegeris?</strong></span> <span class='ocrx_word' id='word_1_61' title='bbox 231 1085 268 1124; x_wconf 89' lang='lat' dir='ltr'><strong>au</strong></span> <span class='ocrx_word' id='word_1_62' title='bbox 282 1075 312 1123; x_wconf 90' lang='lat' dir='ltr'><strong>te</strong></span> <span class='ocrx_word' id='word_1_63' title='bbox 324 1064 451 1124; x_wconf 85' lang='lat' dir='ltr'><strong>Cinesias</strong></span> <span class='ocrx_word' id='word_1_64' title='bbox 464 1068 595 1126; x_wconf 83' lang='lat' dir='ltr'><strong>alicunde</strong></span> <span class='ocrx_word' id='word_1_65' title='bbox 611 1066 802 1126; x_wconf 80' lang='lat' dir='ltr'><strong>concacariti</strong></span> 
     </span>
    </p>

    <p class='ocr_par' dir='ltr' id='par_1_4' title="bbox 80 1141 1165 1303">
     <span class='ocr_line' id='line_1_9' title="bbox 119 1141 1165 1224; baseline 0.008 -24"><span class='ocrx_word' id='word_1_66' title='bbox 119 1141 235 1208; x_wconf 81' lang='lat' dir='ltr'>BLEP.</span> <span class='ocrx_word' id='word_1_67' title='bbox 258 1145 400 1206; x_wconf 79' lang='lat' dir='ltr'><strong>Minime:</strong></span> <span class='ocrx_word' id='word_1_68' title='bbox 432 1149 481 1206; x_wconf 88' lang='lat' dir='ltr'><strong>sed</strong></span> <span class='ocrx_word' id='word_1_69' title='bbox 495 1167 559 1207; x_wconf 91' lang='lat' dir='ltr'><strong>cum</strong></span> <span class='ocrx_word' id='word_1_70' title='bbox 576 1151 674 1208; x_wconf 86' lang='lat' dir='ltr'><strong>uxoris</strong></span> <span class='ocrx_word' id='word_1_71' title='bbox 687 1167 756 1208; x_wconf 80' lang='lat' dir='ltr'><strong>mee</strong></span> <span class='ocrx_word' id='word_1_72' title='bbox 773 1149 935 1222; x_wconf 78' lang='lat' dir='ltr'><strong>crocotula,</strong></span> <span class='ocrx_word' id='word_1_73' title='bbox 950 1167 1037 1224; x_wconf 83' lang='lat' dir='ltr'><strong>quam</strong></span> <span class='ocrx_word' id='word_1_74' title='bbox 1058 1149 1109 1208; x_wconf 75' lang='lat' dir='ltr'><strong>ills</strong></span> <span class='ocrx_word' id='word_1_75' title='bbox 1120 1149 1165 1208; x_wconf 73' lang='lat' dir='ltr'><strong>iu,</strong></span> 
     </span>
     <span class='ocr_line' id='line_1_10' title="bbox 80 1223 449 1303; baseline 0.033 -24"><span class='ocrx_word' id='word_1_76' title='bbox 80 1223 168 1283; x_wconf 81' lang='lat' dir='ltr'><strong>duero</strong></span> <span class='ocrx_word' id='word_1_77' title='bbox 182 1230 270 1303; x_wconf 87' lang='lat' dir='ltr'><strong>solet,</strong></span> <span class='ocrx_word' id='word_1_78' title='bbox 284 1229 371 1287; x_wconf 92' lang='lat' dir='ltr'><strong>domo</strong></span> <span class='ocrx_word' id='word_1_79' title='bbox 384 1230 449 1290; x_wconf 75' lang='lat' dir='ltr'><strong>exii,</strong></span> 
     </span>
    </p>

    <p class='ocr_par' dir='ltr' id='par_1_5' title="bbox 118 1305 741 1370">
     <span class='ocr_line' id='line_1_11' title="bbox 118 1305 741 1370; baseline 0.003 -4"><span class='ocrx_word' id='word_1_80' title='bbox 118 1305 209 1367; x_wconf 85' lang='lat' dir='ltr'><strong>VIR.</strong></span> <span class='ocrx_word' id='word_1_81' title='bbox 231 1308 354 1367; x_wconf 89' lang='lat' dir='ltr'><strong>Paiiium</strong></span> <span class='ocrx_word' id='word_1_82' title='bbox 369 1327 438 1367; x_wconf 83' lang='lat' dir='ltr'><strong>reto</strong></span> <span class='ocrx_word' id='word_1_83' title='bbox 451 1316 530 1368; x_wconf 91' lang='lat' dir='ltr'><strong>tuum</strong></span> <span class='ocrx_word' id='word_1_84' title='bbox 544 1312 659 1370; x_wconf 81' lang='lat' dir='ltr'><strong>ubinam</strong></span> <span class='ocrx_word' id='word_1_85' title='bbox 673 1309 741 1369; x_wconf 84' lang='lat' dir='ltr'><strong>est?</strong></span> 
     </span>
    </p>

    <p class='ocr_par' dir='ltr' id='par_1_6' title="bbox 80 1384 1166 1545">
     <span class='ocr_line' id='line_1_12' title="bbox 118 1384 1166 1483; baseline 0.002 -37"><span class='ocrx_word' id='word_1_86' title='bbox 118 1384 234 1483; x_wconf 57' lang='lat' dir='ltr'><strong>latur.</strong></span> <span class='ocrx_word' id='word_1_87' title='bbox 257 1389 361 1448; x_wconf 84' lang='lat' dir='ltr'>Dicere</span> <span class='ocrx_word' id='word_1_88' title='bbox 371 1408 483 1468; x_wconf 82' lang='lat' dir='ltr'>nequeo</span> <span class='ocrx_word' id='word_1_89' title='bbox 491 1410 502 1464; x_wconf 67' lang='grc' dir='ltr'>ς</span> <span class='ocrx_word' id='word_1_90' title='bbox 535 1393 563 1450; x_wconf 89' lang='lat' dir='ltr'><strong>iu</strong></span> <span class='ocrx_word' id='word_1_91' title='bbox 577 1394 710 1468; x_wconf 83' lang='lat' dir='ltr'><strong>stragulis</strong></span> <span class='ocrx_word' id='word_1_92' title='bbox 724 1393 799 1451; x_wconf 89' lang='lat' dir='ltr'><strong>euim</strong></span> <span class='ocrx_word' id='word_1_93' title='bbox 813 1392 864 1452; x_wconf 90' lang='lat' dir='ltr'><strong>diu</strong></span> <span class='ocrx_word' id='word_1_94' title='bbox 885 1392 1033 1468; x_wconf 83' lang='lat' dir='ltr'><strong>quaesitum</strong></span> <span class='ocrx_word' id='word_1_95' title='bbox 1045 1411 1105 1452; x_wconf 88' lang='lat' dir='ltr'><strong>uon</strong></span> <span class='ocrx_word' id='word_1_96' title='bbox 1118 1407 1166 1454; x_wconf 84' lang='lat' dir='ltr'><strong>rs.</strong></span> 
     </span>
     <span class='ocr_line' id='line_1_13' title="bbox 80 1483 151 1545; baseline 0 -20"><span class='ocrx_word' id='word_1_97' title='bbox 80 1483 151 1545; x_wconf 85' lang='lat' dir='ltr'><strong>perr.</strong></span> 
     </span>
    </p>

    <p class='ocr_par' dir='ltr' id='par_1_7' title="bbox 118 1547 1022 1632">
     <span class='ocr_line' id='line_1_14' title="bbox 118 1547 1022 1632; baseline 0.006 -26"><span class='ocrx_word' id='word_1_98' title='bbox 118 1547 209 1607; x_wconf 84' lang='lat' dir='ltr'><strong>VIR.</strong></span> <span class='ocrx_word' id='word_1_99' title='bbox 230 1548 310 1618; x_wconf 81' lang='lat' dir='ltr'><strong>Quid</strong></span> <span class='ocrx_word' id='word_1_100' title='bbox 323 1551 446 1627; x_wconf 84' lang='lat' dir='ltr'><strong>postea?</strong></span> <span class='ocrx_word' id='word_1_101' title='bbox 468 1556 500 1609; x_wconf 90' lang='lat' dir='ltr'><strong>tu</strong></span> <span class='ocrx_word' id='word_1_102' title='bbox 515 1571 574 1612; x_wconf 92' lang='lat' dir='ltr'><strong>uon</strong></span> <span class='ocrx_word' id='word_1_103' title='bbox 589 1553 674 1612; x_wconf 89' lang='lat' dir='ltr'><strong>uxori</strong></span> <span class='ocrx_word' id='word_1_104' title='bbox 687 1555 832 1632; x_wconf 77' lang='lat' dir='ltr'><strong>imperasti</strong></span> <span class='ocrx_word' id='word_1_105' title='bbox 846 1561 879 1611; x_wconf 91' lang='lat' dir='ltr'><strong>ut</strong></span> <span class='ocrx_word' id='word_1_106' title='bbox 890 1552 1022 1612; x_wconf 80' lang='lat' dir='ltr'><strong>diceret?</strong></span> 
     </span>
    </p>

    <p class='ocr_par' dir='ltr' id='par_1_8' title="bbox 78 1627 1165 1792">
     <span class='ocr_line' id='line_1_15' title="bbox 118 1627 1165 1711; baseline 0.007 -25"><span class='ocrx_word' id='word_1_107' title='bbox 118 1627 234 1692; x_wconf 85' lang='lat' dir='ltr'><strong>BLEP.</strong></span> <span class='ocrx_word' id='word_1_108' title='bbox 256 1631 326 1692; x_wconf 90' lang='lat' dir='ltr'><strong>Nou</strong></span> <span class='ocrx_word' id='word_1_109' title='bbox 340 1651 391 1707; x_wconf 86' lang='lat' dir='ltr'><strong>per</strong></span> <span class='ocrx_word' id='word_1_110' title='bbox 406 1631 531 1692; x_wconf 85' lang='lat' dir='ltr'><strong>Jorem:</strong></span> <span class='ocrx_word' id='word_1_111' title='bbox 564 1637 673 1711; x_wconf 88' lang='lat' dir='ltr'><strong>quippe</strong></span> <span class='ocrx_word' id='word_1_112' title='bbox 692 1639 768 1692; x_wconf 89' lang='lat' dir='ltr'><strong>intus</strong></span> <span class='ocrx_word' id='word_1_113' title='bbox 780 1653 840 1693; x_wconf 90' lang='lat' dir='ltr'><strong>oon</strong></span> <span class='ocrx_word' id='word_1_114' title='bbox 853 1645 917 1692; x_wconf 82' lang='lat' dir='ltr'><strong>est:</strong></span> <span class='ocrx_word' id='word_1_115' title='bbox 951 1635 1000 1691; x_wconf 89' lang='lat' dir='ltr'><strong>sed</strong></span> <span class='ocrx_word' id='word_1_116' title='bbox 1024 1635 1096 1693; x_wconf 82' lang='lat' dir='ltr'><strong>ciam</strong></span> <span class='ocrx_word' id='word_1_117' title='bbox 1120 1652 1165 1694; x_wconf 81' lang='lat' dir='ltr'><strong>me</strong></span> 
     </span>
     <span class='ocr_line' id='line_1_16' title="bbox 78 1712 993 1792; baseline 0.003 -23"><span class='ocrx_word' id='word_1_118' title='bbox 78 1713 171 1769; x_wconf 85' lang='lat' dir='ltr'><strong>erasit</strong></span> <span class='ocrx_word' id='word_1_119' title='bbox 183 1713 280 1772; x_wconf 92' lang='lat' dir='ltr'><strong>domo.</strong></span> <span class='ocrx_word' id='word_1_120' title='bbox 322 1712 515 1782; x_wconf 84' lang='lat' dir='ltr'><strong>Quamobrem</strong></span> <span class='ocrx_word' id='word_1_121' title='bbox 530 1723 628 1775; x_wconf 89' lang='lat' dir='ltr'><strong>metuo</strong></span> <span class='ocrx_word' id='word_1_122' title='bbox 644 1719 762 1792; x_wconf 90' lang='lat' dir='ltr'><strong>nequid</strong></span> <span class='ocrx_word' id='word_1_123' title='bbox 777 1717 842 1773; x_wconf 77' lang='lat' dir='ltr'><strong>mati</strong></span> <span class='ocrx_word' id='word_1_124' title='bbox 857 1717 993 1790; x_wconf 87' lang='lat' dir='ltr'><strong>designet.</strong></span> 
     </span>
    </p>

    <p class='ocr_par' dir='ltr' id='par_1_9' title="bbox 79 1789 1164 2113">
     <span class='ocr_line' id='line_1_17' title="bbox 119 1789 1163 1873; baseline 0.007 -23"><span class='ocrx_word' id='word_1_125' title='bbox 119 1789 208 1851; x_wconf 77' lang='lat' dir='ltr'><strong>vlit.</strong></span> <span class='ocrx_word' id='word_1_126' title='bbox 230 1792 286 1852; x_wconf 84' lang='lat' dir='ltr'><strong>Per</strong></span> <span class='ocrx_word' id='word_1_127' title='bbox 307 1793 487 1870; x_wconf 76' lang='lat' dir='ltr'><strong>Neptunum,</strong></span> <span class='ocrx_word' id='word_1_128' title='bbox 502 1797 598 1854; x_wconf 80' lang='lat' dir='ltr'><strong>eadem</strong></span> <span class='ocrx_word' id='word_1_129' title='bbox 623 1799 677 1856; x_wconf 85' lang='lat' dir='ltr'><strong>tibi</strong></span> <span class='ocrx_word' id='word_1_130' title='bbox 700 1816 819 1873; x_wconf 89' lang='lat' dir='ltr'><strong>prorsus</strong></span> <span class='ocrx_word' id='word_1_131' title='bbox 843 1799 991 1869; x_wconf 79' lang='lat' dir='ltr'><strong>eveniunt,</strong></span> <span class='ocrx_word' id='word_1_132' title='bbox 1005 1816 1069 1871; x_wconf 74' lang='lat' dir='ltr'><strong>quas</strong></span> <span class='ocrx_word' id='word_1_133' title='bbox 1082 1795 1163 1857; x_wconf 82' lang='lat' dir='ltr'><strong>mihi.</strong></span> 
     </span>
     <span class='ocr_line' id='line_1_18' title="bbox 80 1870 1164 1955; baseline 0.008 -26"><span class='ocrx_word' id='word_1_134' title='bbox 80 1870 164 1930; x_wconf 82' lang='lat' dir='ltr'>Uxor</span> <span class='ocrx_word' id='word_1_135' title='bbox 185 1878 290 1933; x_wconf 80' lang='lat' dir='ltr'><strong>etenim</strong></span> <span class='ocrx_word' id='word_1_136' title='bbox 313 1895 376 1934; x_wconf 89' lang='lat' dir='ltr'><strong>mea</strong></span> <span class='ocrx_word' id='word_1_137' title='bbox 397 1877 548 1954; x_wconf 77' lang='lat' dir='ltr'><strong>disparuit,</strong></span> <span class='ocrx_word' id='word_1_138' title='bbox 569 1888 662 1937; x_wconf 91' lang='lat' dir='ltr'><strong>sumto</strong></span> <span class='ocrx_word' id='word_1_139' title='bbox 685 1881 783 1954; x_wconf 86' lang='lat' dir='ltr'><strong>pallio,</strong></span> <span class='ocrx_word' id='word_1_140' title='bbox 798 1879 872 1953; x_wconf 91' lang='lat' dir='ltr'><strong>quod</strong></span> <span class='ocrx_word' id='word_1_141' title='bbox 896 1896 950 1955; x_wconf 77' lang='lat' dir='ltr'><strong>ego</strong></span> <span class='ocrx_word' id='word_1_142' title='bbox 973 1878 1049 1936; x_wconf 90' lang='lat' dir='ltr'><strong>ierre</strong></span> <span class='ocrx_word' id='word_1_143' title='bbox 1072 1881 1164 1938; x_wconf 84' lang='lat' dir='ltr'><strong>soleo.</strong></span> 
     </span>
     <span class='ocr_line' id='line_1_19' title="bbox 79 1951 1164 2033; baseline 0.003 -22"><span class='ocrx_word' id='word_1_144' title='bbox 79 1951 182 2026; x_wconf 83' lang='lat' dir='ltr'><strong>Neque</strong></span> <span class='ocrx_word' id='word_1_145' title='bbox 194 1955 250 2012; x_wconf 88' lang='lat' dir='ltr'><strong>hoc</strong></span> <span class='ocrx_word' id='word_1_146' title='bbox 264 1973 309 2014; x_wconf 87' lang='lat' dir='ltr'><strong>rue</strong></span> <span class='ocrx_word' id='word_1_147' title='bbox 322 1958 410 2015; x_wconf 90' lang='lat' dir='ltr'><strong>modo</strong></span> <span class='ocrx_word' id='word_1_148' title='bbox 419 1961 491 2016; x_wconf 88' lang='lat' dir='ltr'><strong>maie</strong></span> <span class='ocrx_word' id='word_1_149' title='bbox 500 1959 606 2018; x_wconf 82' lang='lat' dir='ltr'><strong>babct:</strong></span> <span class='ocrx_word' id='word_1_150' title='bbox 629 1959 679 2018; x_wconf 83' lang='lat' dir='ltr'><strong>sed</strong></span> <span class='ocrx_word' id='word_1_151' title='bbox 692 1961 926 2033; x_wconf 85' lang='lat' dir='ltr'><strong>etcalceosipsos</strong></span> <span class='ocrx_word' id='word_1_152' title='bbox 936 1959 1074 2017; x_wconf 83' lang='lat' dir='ltr'><strong>abstulit:</strong></span> <span class='ocrx_word' id='word_1_153' title='bbox 1096 1960 1164 2016; x_wconf 83' lang='lat' dir='ltr'><strong>nul.</strong></span> 
     </span>
     <span class='ocr_line' id='line_1_20' title="bbox 79 2035 531 2113; baseline 0.004 -21"><span class='ocrx_word' id='word_1_154' title='bbox 79 2035 129 2092; x_wconf 87' lang='lat' dir='ltr'><strong>libi</strong></span> <span class='ocrx_word' id='word_1_155' title='bbox 144 2037 219 2093; x_wconf 85' lang='lat' dir='ltr'><strong>enirn</strong></span> <span class='ocrx_word' id='word_1_156' title='bbox 233 2055 283 2094; x_wconf 87' lang='lat' dir='ltr'><strong>eos</strong></span> <span class='ocrx_word' id='word_1_157' title='bbox 297 2040 423 2112; x_wconf 87' lang='lat' dir='ltr'><strong>reperire</strong></span> <span class='ocrx_word' id='word_1_158' title='bbox 437 2041 531 2113; x_wconf 91' lang='lat' dir='ltr'><strong>potui.</strong></span> 
     </span>
    </p>

    <p class='ocr_par' dir='ltr' id='par_1_10' title="bbox 78 2115 1164 2355">
     <span class='ocr_line' id='line_1_21' title="bbox 117 2115 1164 2194; baseline 0.006 -21"><span class='ocrx_word' id='word_1_159' title='bbox 117 2115 232 2174; x_wconf 85' lang='lat' dir='ltr'><strong>BLEP.</strong></span> <span class='ocrx_word' id='word_1_160' title='bbox 253 2115 310 2176; x_wconf 86' lang='lat' dir='ltr'><strong>Per</strong></span> <span class='ocrx_word' id='word_1_161' title='bbox 323 2119 480 2188; x_wconf 83' lang='lat' dir='ltr'><strong>Bacchum,</strong></span> <span class='ocrx_word' id='word_1_162' title='bbox 496 2135 549 2176; x_wconf 89' lang='lat' dir='ltr'><strong>nec</strong></span> <span class='ocrx_word' id='word_1_163' title='bbox 561 2137 615 2194; x_wconf 86' lang='lat' dir='ltr'><strong>ego</strong></span> <span class='ocrx_word' id='word_1_164' title='bbox 628 2137 704 2178; x_wconf 89' lang='lat' dir='ltr'><strong>meas</strong></span> <span class='ocrx_word' id='word_1_165' title='bbox 723 2116 903 2176; x_wconf 77' lang='lat' dir='ltr'><strong>Laconicasr</strong></span> <span class='ocrx_word' id='word_1_166' title='bbox 935 2119 984 2177; x_wconf 87' lang='lat' dir='ltr'><strong>sed</strong></span> <span class='ocrx_word' id='word_1_167' title='bbox 999 2119 1074 2177; x_wconf 90' lang='lat' dir='ltr'><strong>sicut</strong></span> <span class='ocrx_word' id='word_1_168' title='bbox 1086 2138 1164 2178; x_wconf 88' lang='lat' dir='ltr'><strong>eram</strong></span> 
     </span>
     <span class='ocr_line' id='line_1_22' title="bbox 78 2199 1164 2275; baseline 0.007 -23"><span class='ocrx_word' id='word_1_169' title='bbox 78 2199 265 2274; x_wconf 86' lang='lat' dir='ltr'><strong>cacaturiens,</strong></span> <span class='ocrx_word' id='word_1_170' title='bbox 280 2200 400 2274; x_wconf 87' lang='lat' dir='ltr'><strong>pedibus</strong></span> <span class='ocrx_word' id='word_1_171' title='bbox 414 2200 443 2258; x_wconf 90' lang='lat' dir='ltr'><strong>in</strong></span> <span class='ocrx_word' id='word_1_172' title='bbox 458 2201 613 2258; x_wconf 86' lang='lat' dir='ltr'><strong>cothurnos</strong></span> <span class='ocrx_word' id='word_1_173' title='bbox 624 2199 752 2256; x_wconf 89' lang='lat' dir='ltr'><strong>immissis</strong></span> <span class='ocrx_word' id='word_1_174' title='bbox 766 2200 975 2275; x_wconf 84' lang='lat' dir='ltr'><strong>hucicstiuavi,</strong></span> <span class='ocrx_word' id='word_1_175' title='bbox 985 2206 1019 2256; x_wconf 91' lang='lat' dir='ltr'><strong>ut</strong></span> <span class='ocrx_word' id='word_1_176' title='bbox 1032 2219 1068 2259; x_wconf 89' lang='lat' dir='ltr'><strong>ue</strong></span> <span class='ocrx_word' id='word_1_177' title='bbox 1081 2219 1164 2260; x_wconf 83' lang='lat' dir='ltr'><strong>caca·</strong></span> 
     </span>
     <span class='ocr_line' id='line_1_23' title="bbox 79 2279 874 2355; baseline 0.004 -21"><span class='ocrx_word' id='word_1_178' title='bbox 79 2295 136 2334; x_wconf 87' lang='lat' dir='ltr'><strong>rem</strong></span> <span class='ocrx_word' id='word_1_179' title='bbox 151 2280 181 2336; x_wconf 92' lang='lat' dir='ltr'><strong>in</strong></span> <span class='ocrx_word' id='word_1_180' title='bbox 195 2279 277 2354; x_wconf 71' lang='lat' dir='ltr'><strong>laeua,</strong></span> <span class='ocrx_word' id='word_1_181' title='bbox 293 2282 401 2355; x_wconf 85' lang='lat' dir='ltr'><strong>quippe</strong></span> <span class='ocrx_word' id='word_1_182' title='bbox 414 2299 478 2355; x_wconf 85' lang='lat' dir='ltr'><strong>quae</strong></span> <span class='ocrx_word' id='word_1_183' title='bbox 494 2299 590 2339; x_wconf 89' lang='lat' dir='ltr'><strong>recens</strong></span> <span class='ocrx_word' id='word_1_184' title='bbox 604 2283 664 2338; x_wconf 86' lang='lat' dir='ltr'><strong>lota</strong></span> <span class='ocrx_word' id='word_1_185' title='bbox 676 2286 705 2338; x_wconf 85' lang='lat' dir='ltr'><strong>et</strong></span> <span class='ocrx_word' id='word_1_186' title='bbox 718 2282 810 2337; x_wconf 87' lang='lat' dir='ltr'><strong>nitida</strong></span> <span class='ocrx_word' id='word_1_187' title='bbox 821 2287 874 2339; x_wconf 79' lang='lat' dir='ltr'><strong>est.</strong></span> 
     </span>
    </p>

    <p class='ocr_par' dir='ltr' id='par_1_11' title="bbox 78 2357 1164 2514">
     <span class='ocr_line' id='line_1_24' title="bbox 118 2357 1164 2439; baseline 0.007 -23"><span class='ocrx_word' id='word_1_188' title='bbox 118 2357 207 2420; x_wconf 72' lang='lat' dir='ltr'><strong>vila.</strong></span> <span class='ocrx_word' id='word_1_189' title='bbox 229 2360 318 2436; x_wconf 83' lang='lat' dir='ltr'><strong>Quid,</strong></span> <span class='ocrx_word' id='word_1_190' title='bbox 334 2379 441 2439; x_wconf 84' lang='lat' dir='ltr'><strong>quaeso,</strong></span> <span class='ocrx_word' id='word_1_191' title='bbox 456 2363 527 2421; x_wconf 92' lang='lat' dir='ltr'><strong>illud</strong></span> <span class='ocrx_word' id='word_1_192' title='bbox 541 2360 601 2420; x_wconf 83' lang='lat' dir='ltr'><strong>sit?</strong></span> <span class='ocrx_word' id='word_1_193' title='bbox 630 2379 699 2418; x_wconf 91' lang='lat' dir='ltr'><strong>oum</strong></span> <span class='ocrx_word' id='word_1_194' title='bbox 712 2363 749 2419; x_wconf 87' lang='lat' dir='ltr'><strong>ad</strong></span> <span class='ocrx_word' id='word_1_195' title='bbox 764 2363 913 2437; x_wconf 82' lang='lat' dir='ltr'><strong>prandium</strong></span> <span class='ocrx_word' id='word_1_196' title='bbox 927 2378 988 2420; x_wconf 77' lang='lat' dir='ltr'><strong>earu</strong></span> <span class='ocrx_word' id='word_1_197' title='bbox 1009 2363 1164 2428; x_wconf 78' lang='lat' dir='ltr'><strong>amicarum</strong></span> 
     </span>
     <span class='ocr_line' id='line_1_25' title="bbox 78 2443 368 2514; baseline 0.01 -17"><span class='ocrx_word' id='word_1_198' title='bbox 78 2443 221 2514; x_wconf 69' lang='lat' dir='ltr'><strong>quapiam</strong></span> <span class='ocrx_word' id='word_1_199' title='bbox 233 2444 368 2500; x_wconf 84' lang='lat' dir='ltr'><strong>vocarit?</strong></span> 
     </span>
    </p>

    <p class='ocr_par' dir='ltr' id='par_1_12' title="bbox 79 2519 1165 2678">
     <span class='ocr_line' id='line_1_26' title="bbox 118 2519 1165 2596; baseline 0.008 -18"><span class='ocrx_word' id='word_1_200' title='bbox 118 2519 234 2579; x_wconf 84' lang='lat' dir='ltr'><strong>BLEP.</strong></span> <span class='ocrx_word' id='word_1_201' title='bbox 258 2521 328 2580; x_wconf 89' lang='lat' dir='ltr'><strong>Mea</strong></span> <span class='ocrx_word' id='word_1_202' title='bbox 341 2523 455 2596; x_wconf 90' lang='lat' dir='ltr'><strong>quidem</strong></span> <span class='ocrx_word' id='word_1_203' title='bbox 468 2524 609 2582; x_wconf 88' lang='lat' dir='ltr'><strong>sententia</strong></span> <span class='ocrx_word' id='word_1_204' title='bbox 620 2543 629 2581; x_wconf 74' lang='grc' dir='ltr'><strong><em>ε</em></strong></span> <span class='ocrx_word' id='word_1_205' title='bbox 653 2524 797 2582; x_wconf 89' lang='lat' dir='ltr'><strong>nonenim</strong></span> <span class='ocrx_word' id='word_1_206' title='bbox 810 2525 1010 2584; x_wconf 86' lang='lat' dir='ltr'><strong>malismorata</strong></span> <span class='ocrx_word' id='word_1_207' title='bbox 1022 2531 1065 2586; x_wconf 85' lang='lat' dir='ltr'><strong>est</strong></span> <span class='ocrx_word' id='word_1_208' title='bbox 1077 2527 1165 2586; x_wconf 88' lang='lat' dir='ltr'><strong>mori·</strong></span> 
     </span>
     <span class='ocr_line' id='line_1_27' title="bbox 79 2602 477 2678; baseline 0.015 -20"><span class='ocrx_word' id='word_1_209' title='bbox 79 2602 142 2676; x_wconf 88' lang='lat' dir='ltr'><strong>bus,</strong></span> <span class='ocrx_word' id='word_1_210' title='bbox 158 2603 238 2678; x_wconf 89' lang='lat' dir='ltr'><strong>quod</strong></span> <span class='ocrx_word' id='word_1_211' title='bbox 253 2604 366 2677; x_wconf 91' lang='lat' dir='ltr'><strong>quidem</strong></span> <span class='ocrx_word' id='word_1_212' title='bbox 380 2606 477 2664; x_wconf 81' lang='lat' dir='ltr'><strong>sciam.</strong></span> 
     </span>
    </p>

    <p class='ocr_par' dir='ltr' id='par_1_13' title="bbox 79 2681 1163 2842">
     <span class='ocr_line' id='line_1_28' title="bbox 118 2681 1163 2758; baseline 0.003 -15"><span class='ocrx_word' id='word_1_213' title='bbox 118 2681 208 2744; x_wconf 76' lang='lat' dir='ltr'><strong>Vltt.</strong></span> <span class='ocrx_word' id='word_1_214' title='bbox 229 2685 273 2742; x_wconf 81' lang='lat' dir='ltr'><strong>At</strong></span> <span class='ocrx_word' id='word_1_215' title='bbox 286 2693 315 2741; x_wconf 91' lang='lat' dir='ltr'><strong>tu</strong></span> <span class='ocrx_word' id='word_1_216' title='bbox 328 2685 423 2742; x_wconf 83' lang='lat' dir='ltr'><strong>sunem</strong></span> <span class='ocrx_word' id='word_1_217' title='bbox 437 2701 528 2742; x_wconf 81' lang='lat' dir='ltr'><strong>cacas.</strong></span> <span class='ocrx_word' id='word_1_218' title='bbox 571 2682 647 2742; x_wconf 89' lang='lat' dir='ltr'><strong>Mihi</strong></span> <span class='ocrx_word' id='word_1_219' title='bbox 659 2702 730 2740; x_wconf 83' lang='lat' dir='ltr'><strong>reru</strong></span> <span class='ocrx_word' id='word_1_220' title='bbox 744 2689 856 2758; x_wconf 88' lang='lat' dir='ltr'><strong>tempus</strong></span> <span class='ocrx_word' id='word_1_221' title='bbox 869 2687 1042 2744; x_wconf 85' lang='lat' dir='ltr'><strong>ostubcuudi</strong></span> <span class='ocrx_word' id='word_1_222' title='bbox 1055 2688 1085 2745; x_wconf 89' lang='lat' dir='ltr'><strong>in</strong></span> <span class='ocrx_word' id='word_1_223' title='bbox 1095 2706 1163 2746; x_wconf 91' lang='lat' dir='ltr'><strong>cou-</strong></span> 
     </span>
     <span class='ocr_line' id='line_1_29' title="bbox 79 2764 980 2842; baseline 0 -20"><span class='ocrx_word' id='word_1_224' title='bbox 79 2764 203 2834; x_wconf 85' lang='lat' dir='ltr'><strong>cionem‚</strong></span> <span class='ocrx_word' id='word_1_225' title='bbox 219 2767 242 2822; x_wconf 93' lang='lat' dir='ltr'><strong>si</strong></span> <span class='ocrx_word' id='word_1_226' title='bbox 255 2766 343 2828; x_wconf 87' lang='lat' dir='ltr'><strong>modo</strong></span> <span class='ocrx_word' id='word_1_227' title='bbox 357 2784 462 2842; x_wconf 85' lang='lat' dir='ltr'><strong>cepero</strong></span> <span class='ocrx_word' id='word_1_228' title='bbox 480 2764 610 2839; x_wconf 85' lang='lat' dir='ltr'><strong>pallium,</strong></span> <span class='ocrx_word' id='word_1_229' title='bbox 625 2765 700 2838; x_wconf 90' lang='lat' dir='ltr'><strong>quod</strong></span> <span class='ocrx_word' id='word_1_230' title='bbox 715 2765 784 2821; x_wconf 91' lang='lat' dir='ltr'><strong>mibi</strong></span> <span class='ocrx_word' id='word_1_231' title='bbox 797 2766 913 2822; x_wconf 90' lang='lat' dir='ltr'><strong>unicum</strong></span> <span class='ocrx_word' id='word_1_232' title='bbox 927 2771 980 2822; x_wconf 81' lang='lat' dir='ltr'><strong>est.</strong></span> 
     </span>
    </p>

    <p class='ocr_par' dir='ltr' id='par_1_14' title="bbox 79 2839 1166 3003">
     <span class='ocr_line' id='line_1_30' title="bbox 117 2839 1166 2921; baseline 0.004 -17"><span class='ocrx_word' id='word_1_233' title='bbox 117 2843 234 2905; x_wconf 82' lang='lat' dir='ltr'><strong>BLEP.</strong></span> <span class='ocrx_word' id='word_1_234' title='bbox 257 2845 319 2921; x_wconf 81' lang='lat' dir='ltr'><strong>Ego</strong></span> <span class='ocrx_word' id='word_1_235' title='bbox 333 2849 441 2920; x_wconf 85' lang='lat' dir='ltr'><strong>itidem,</strong></span> <span class='ocrx_word' id='word_1_236' title='bbox 455 2843 505 2904; x_wconf 88' lang='lat' dir='ltr'><strong>nbi</strong></span> <span class='ocrx_word' id='word_1_237' title='bbox 520 2839 676 2903; x_wconf 83' lang='lat' dir='ltr'><strong>cacarero:</strong></span> <span class='ocrx_word' id='word_1_238' title='bbox 706 2864 785 2902; x_wconf 91' lang='lat' dir='ltr'><strong>nunc</strong></span> <span class='ocrx_word' id='word_1_239' title='bbox 798 2852 892 2903; x_wconf 86' lang='lat' dir='ltr'><strong>autem</strong></span> <span class='ocrx_word' id='word_1_240' title='bbox 915 2847 1010 2921; x_wconf 85' lang='lat' dir='ltr'><strong>pirum</strong></span> <span class='ocrx_word' id='word_1_241' title='bbox 1023 2847 1166 2921; x_wconf 80' lang='lat' dir='ltr'><strong>quoddam</strong></span> 
     </span>
     <span class='ocr_line' id='line_1_31' title="bbox 79 2926 820 3003; baseline -0.003 -18"><span class='ocrx_word' id='word_1_242' title='bbox 79 2928 207 2986; x_wconf 78' lang='lat' dir='ltr'><strong>silvestre</strong></span> <span class='ocrx_word' id='word_1_243' title='bbox 220 2928 373 2986; x_wconf 88' lang='lat' dir='ltr'><strong>occludens</strong></span> <span class='ocrx_word' id='word_1_244' title='bbox 388 2929 456 2986; x_wconf 90' lang='lat' dir='ltr'><strong>mibi</strong></span> <span class='ocrx_word' id='word_1_245' title='bbox 470 2926 601 3003; x_wconf 89' lang='lat' dir='ltr'><strong>podicem</strong></span> <span class='ocrx_word' id='word_1_246' title='bbox 614 2927 718 2984; x_wconf 88' lang='lat' dir='ltr'><strong>retinet</strong></span> <span class='ocrx_word' id='word_1_247' title='bbox 733 2928 820 2984; x_wconf 86' lang='lat' dir='ltr'><strong>cibos.</strong></span> 
     </span>
    </p>

    <p class='ocr_par' dir='ltr' id='par_1_15' title="bbox 116 3005 1151 3086">
     <span class='ocr_line' id='line_1_32' title="bbox 116 3005 1151 3086; baseline -0.002 -19"><span class='ocrx_word' id='word_1_248' title='bbox 116 3006 206 3067; x_wconf 78' lang='lat' dir='ltr'><strong>vlu.</strong></span> <span class='ocrx_word' id='word_1_249' title='bbox 228 3007 307 3067; x_wconf 91' lang='lat' dir='ltr'><strong>Num</strong></span> <span class='ocrx_word' id='word_1_250' title='bbox 322 3011 415 3083; x_wconf 90' lang='lat' dir='ltr'><strong>pirum</strong></span> <span class='ocrx_word' id='word_1_251' title='bbox 429 3010 499 3067; x_wconf 89' lang='lat' dir='ltr'><strong>iliud</strong></span> <span class='ocrx_word' id='word_1_252' title='bbox 512 3016 568 3083; x_wconf 87' lang='lat' dir='ltr'><strong>est,</strong></span> <span class='ocrx_word' id='word_1_253' title='bbox 583 3007 661 3082; x_wconf 92' lang='lat' dir='ltr'><strong>quod</strong></span> <span class='ocrx_word' id='word_1_254' title='bbox 677 3006 830 3066; x_wconf 83' lang='lat' dir='ltr'><strong>Laconicis</strong></span> <span class='ocrx_word' id='word_1_255' title='bbox 843 3006 917 3066; x_wconf 83' lang='lat' dir='ltr'><strong>dixit</strong></span> <span class='ocrx_word' id='word_1_256' title='bbox 929 3005 1151 3086; x_wconf 80' lang='lat' dir='ltr'><strong>Thrasybulus?</strong></span> 
     </span>
    </p>

    <p class='ocr_par' dir='ltr' id='par_1_16' title="bbox 78 3087 1166 3488">
     <span class='ocr_line' id='line_1_33' title="bbox 117 3087 1166 3163; baseline 0.001 -16"><span class='ocrx_word' id='word_1_257' title='bbox 117 3088 236 3147; x_wconf 86' lang='lat' dir='ltr'><strong>BLEP.</strong></span> <span class='ocrx_word' id='word_1_258' title='bbox 256 3087 312 3148; x_wconf 88' lang='lat' dir='ltr'><strong>Per</strong></span> <span class='ocrx_word' id='word_1_259' title='bbox 326 3089 482 3163; x_wconf 87' lang='lat' dir='ltr'><strong>Bacchum,</strong></span> <span class='ocrx_word' id='word_1_260' title='bbox 496 3091 636 3147; x_wconf 78' lang='lat' dir='ltr'><strong>tenaciter</strong></span> <span class='ocrx_word' id='word_1_261' title='bbox 650 3089 719 3146; x_wconf 89' lang='lat' dir='ltr'><strong>mibi</strong></span> <span class='ocrx_word' id='word_1_262' title='bbox 734 3089 910 3147; x_wconf 76' lang='lat' dir='ltr'><strong>adhaerescit.</strong></span> <span class='ocrx_word' id='word_1_263' title='bbox 952 3088 995 3147; x_wconf 77' lang='lat' dir='ltr'><strong>nt</strong></span> <span class='ocrx_word' id='word_1_264' title='bbox 1006 3091 1082 3148; x_wconf 88' lang='lat' dir='ltr'><strong>euim</strong></span> <span class='ocrx_word' id='word_1_265' title='bbox 1094 3091 1166 3162; x_wconf 91' lang='lat' dir='ltr'><strong>quid</strong></span> 
     </span>
     <span class='ocr_line' id='line_1_34' title="bbox 78 3169 1165 3248; baseline -0.001 -20"><span class='ocrx_word' id='word_1_266' title='bbox 78 3173 182 3248; x_wconf 83' lang='lat' dir='ltr'><strong>agam?</strong></span> <span class='ocrx_word' id='word_1_267' title='bbox 204 3187 258 3228; x_wconf 87' lang='lat' dir='ltr'><strong>uec</strong></span> <span class='ocrx_word' id='word_1_268' title='bbox 275 3169 350 3228; x_wconf 87' lang='lat' dir='ltr'><strong>enim</strong></span> <span class='ocrx_word' id='word_1_269' title='bbox 363 3173 455 3230; x_wconf 91' lang='lat' dir='ltr'><strong>solum</strong></span> <span class='ocrx_word' id='word_1_270' title='bbox 470 3189 516 3229; x_wconf 84' lang='lat' dir='ltr'><strong>me</strong></span> <span class='ocrx_word' id='word_1_271' title='bbox 535 3170 615 3245; x_wconf 90' lang='lat' dir='ltr'><strong>augit</strong></span> <span class='ocrx_word' id='word_1_272' title='bbox 627 3171 683 3227; x_wconf 91' lang='lat' dir='ltr'><strong>hoc</strong></span> <span class='ocrx_word' id='word_1_273' title='bbox 698 3188 822 3242; x_wconf 78' lang='lat' dir='ltr'><strong>presens</strong></span> <span class='ocrx_word' id='word_1_274' title='bbox 844 3171 970 3227; x_wconf 86' lang='lat' dir='ltr'><strong>maium:</strong></span> <span class='ocrx_word' id='word_1_275' title='bbox 1001 3172 1050 3229; x_wconf 89' lang='lat' dir='ltr'><strong>sed</strong></span> <span class='ocrx_word' id='word_1_276' title='bbox 1072 3189 1165 3243; x_wconf 83' lang='lat' dir='ltr'><strong>quau·</strong></span> 
     </span>
     <span class='ocr_line' id='line_1_35' title="bbox 79 3249 1166 3328; baseline -0.004 -20"><span class='ocrx_word' id='word_1_277' title='bbox 79 3253 116 3310; x_wconf 92' lang='lat' dir='ltr'><strong>do</strong></span> <span class='ocrx_word' id='word_1_278' title='bbox 128 3252 229 3326; x_wconf 86' lang='lat' dir='ltr'><strong>edero,</strong></span> <span class='ocrx_word' id='word_1_279' title='bbox 244 3268 368 3324; x_wconf 84' lang='lat' dir='ltr'><strong>quonam</strong></span> <span class='ocrx_word' id='word_1_280' title='bbox 381 3253 450 3311; x_wconf 91' lang='lat' dir='ltr'><strong>mihi</strong></span> <span class='ocrx_word' id='word_1_281' title='bbox 463 3252 554 3309; x_wconf 87' lang='lat' dir='ltr'><strong>abibit</strong></span> <span class='ocrx_word' id='word_1_282' title='bbox 566 3250 669 3308; x_wconf 85' lang='lat' dir='ltr'><strong>debinc</strong></span> <span class='ocrx_word' id='word_1_283' title='bbox 681 3252 814 3309; x_wconf 80' lang='lat' dir='ltr'><strong>stercus?</strong></span> <span class='ocrx_word' id='word_1_284' title='bbox 837 3249 927 3308; x_wconf 89' lang='lat' dir='ltr'><strong>Nunc</strong></span> <span class='ocrx_word' id='word_1_285' title='bbox 939 3252 1013 3308; x_wconf 89' lang='lat' dir='ltr'><strong>euim</strong></span> <span class='ocrx_word' id='word_1_286' title='bbox 1028 3251 1085 3327; x_wconf 89' lang='lat' dir='ltr'><strong>bic,</strong></span> <span class='ocrx_word' id='word_1_287' title='bbox 1101 3252 1166 3328; x_wconf 91' lang='lat' dir='ltr'><strong>qui.</strong></span> 
     </span>
     <span class='ocr_line' id='line_1_36' title="bbox 79 3329 1166 3408; baseline 0.002 -20"><span class='ocrx_word' id='word_1_288' title='bbox 79 3349 195 3408; x_wconf 87' lang='lat' dir='ltr'><strong>cunque</strong></span> <span class='ocrx_word' id='word_1_289' title='bbox 212 3333 327 3390; x_wconf 81' lang='lat' dir='ltr'><strong>tandem</strong></span> <span class='ocrx_word' id='word_1_290' title='bbox 350 3333 398 3391; x_wconf 88' lang='lat' dir='ltr'><strong>ille</strong></span> <span class='ocrx_word' id='word_1_291' title='bbox 419 3336 458 3392; x_wconf 86' lang='lat' dir='ltr'><strong>sit</strong></span> <span class='ocrx_word' id='word_1_292' title='bbox 480 3331 676 3391; x_wconf 81' lang='lat' dir='ltr'><strong>Achradusius</strong></span> <span class='ocrx_word' id='word_1_293' title='bbox 697 3331 753 3407; x_wconf 86' lang='lat' dir='ltr'><strong>vir,</strong></span> <span class='ocrx_word' id='word_1_294' title='bbox 768 3332 873 3389; x_wconf 89' lang='lat' dir='ltr'><strong>ostium</strong></span> <span class='ocrx_word' id='word_1_295' title='bbox 898 3334 1050 3390; x_wconf 79' lang='lat' dir='ltr'><strong>obseravit</strong></span> <span class='ocrx_word' id='word_1_296' title='bbox 1092 3329 1166 3401; x_wconf 83' lang='lat' dir='ltr'><strong>Quis</strong></span> 
     </span>
     <span class='ocr_line' id='line_1_37' title="bbox 79 3410 1166 3488; baseline 0 -17"><span class='ocrx_word' id='word_1_297' title='bbox 79 3413 166 3488; x_wconf 87' lang='lat' dir='ltr'><strong>igitur</strong></span> <span class='ocrx_word' id='word_1_298' title='bbox 183 3415 324 3472; x_wconf 89' lang='lat' dir='ltr'><strong>medicum</strong></span> <span class='ocrx_word' id='word_1_299' title='bbox 338 3414 407 3471; x_wconf 91' lang='lat' dir='ltr'><strong>mihi</strong></span> <span class='ocrx_word' id='word_1_300' title='bbox 428 3420 560 3486; x_wconf 85' lang='lat' dir='ltr'><strong>arcessat,</strong></span> <span class='ocrx_word' id='word_1_301' title='bbox 574 3419 602 3468; x_wconf 92' lang='lat' dir='ltr'><strong>et</strong></span> <span class='ocrx_word' id='word_1_302' title='bbox 616 3410 723 3486; x_wconf 87' lang='lat' dir='ltr'><strong>qoem?</strong></span> <span class='ocrx_word' id='word_1_303' title='bbox 753 3414 816 3486; x_wconf 89' lang='lat' dir='ltr'><strong>quis</strong></span> <span class='ocrx_word' id='word_1_304' title='bbox 834 3429 946 3485; x_wconf 89' lang='lat' dir='ltr'><strong>eorum,</strong></span> <span class='ocrx_word' id='word_1_305' title='bbox 962 3414 1011 3484; x_wconf 90' lang='lat' dir='ltr'><strong>qui</strong></span> <span class='ocrx_word' id='word_1_306' title='bbox 1034 3412 1166 3471; x_wconf 81' lang='lat' dir='ltr'><strong>clunibus</strong></span> 
     </span>
    </p>
   </div>
   <div class='ocr_carea' id='block_1_3' title="bbox 79 3491 1276 3570">
    <p class='ocr_par' dir='ltr' id='par_1_17' title="bbox 79 3491 1276 3570">
     <span class='ocr_line' id='line_1_38' title="bbox 79 3491 1276 3570; baseline 0.001 -20"><span class='ocrx_word' id='word_1_307' title='bbox 79 3511 198 3567; x_wconf 91' lang='lat' dir='ltr'><strong>operam</strong></span> <span class='ocrx_word' id='word_1_308' title='bbox 211 3494 292 3569; x_wconf 83' lang='lat' dir='ltr'><strong>dant,</strong></span> <span class='ocrx_word' id='word_1_309' title='bbox 307 3495 376 3552; x_wconf 86' lang='lat' dir='ltr'><strong>artis</strong></span> <span class='ocrx_word' id='word_1_310' title='bbox 388 3501 431 3554; x_wconf 89' lang='lat' dir='ltr'><strong>est</strong></span> <span class='ocrx_word' id='word_1_311' title='bbox 446 3493 627 3570; x_wconf 85' lang='lat' dir='ltr'><strong>peritissimus</strong></span> <span class='ocrx_word' id='word_1_312' title='bbox 642 3491 654 3549; x_wconf 73' lang='lat'><strong>,²</strong></span> <span class='ocrx_word' id='word_1_313' title='bbox 685 3493 761 3551; x_wconf 82' lang='lat' dir='ltr'><strong>banc</strong></span> <span class='ocrx_word' id='word_1_314' title='bbox 780 3512 847 3551; x_wconf 90' lang='lat' dir='ltr'><strong>sane</strong></span> <span class='ocrx_word' id='word_1_315' title='bbox 861 3493 946 3550; x_wconf 83' lang='lat' dir='ltr'><strong>callet</strong></span> <span class='ocrx_word' id='word_1_316' title='bbox 969 3495 1121 3569; x_wconf 83' lang='lat' dir='ltr'><strong>Amyron,</strong></span> <span class='ocrx_word' id='word_1_317' title='bbox 1135 3499 1167 3551; x_wconf 90' lang='lat' dir='ltr'><strong>at</strong></span> <span class='ocrx_word' id='word_1_318' title='bbox 1272 3530 1276 3536; x_wconf 87' lang='lat'><em>-</em></span> 
     </span>
    </p>
   </div>
   <div class='ocr_carea' id='block_1_4' title="bbox 79 3569 1168 4630">
    <p class='ocr_par' dir='ltr' id='par_1_18' title="bbox 79 3569 1167 3895">
     <span class='ocr_line' id='line_1_39' title="bbox 79 3569 1163 3652; baseline 0.001 -22"><span class='ocrx_word' id='word_1_319' title='bbox 79 3573 203 3633; x_wconf 87' lang='lat' dir='ltr'><strong>iortassc</strong></span> <span class='ocrx_word' id='word_1_320' title='bbox 215 3573 342 3652; x_wconf 86' lang='lat' dir='ltr'><strong>negabit.</strong></span> <span class='ocrx_word' id='word_1_321' title='bbox 386 3577 587 3634; x_wconf 84' lang='lat' dir='ltr'><strong>Antisthencm</strong></span> <span class='ocrx_word' id='word_1_322' title='bbox 610 3569 751 3649; x_wconf 85' lang='lat' dir='ltr'><strong>quispiam</strong></span> <span class='ocrx_word' id='word_1_323' title='bbox 766 3575 823 3632; x_wconf 91' lang='lat' dir='ltr'><strong>buc</strong></span> <span class='ocrx_word' id='word_1_324' title='bbox 840 3579 942 3631; x_wconf 85' lang='lat' dir='ltr'><strong>crocet</strong></span> <span class='ocrx_word' id='word_1_325' title='bbox 955 3574 1032 3631; x_wconf 93' lang='lat' dir='ltr'><strong>omni</strong></span> <span class='ocrx_word' id='word_1_326' title='bbox 1056 3575 1163 3631; x_wconf 82' lang='lat' dir='ltr'><strong>modo:</strong></span> 
     </span>
     <span class='ocr_line' id='line_1_40' title="bbox 80 3654 1167 3734; baseline 0 -22"><span class='ocrx_word' id='word_1_327' title='bbox 80 3654 125 3714; x_wconf 92' lang='lat' dir='ltr'><strong>bic</strong></span> <span class='ocrx_word' id='word_1_328' title='bbox 139 3656 216 3714; x_wconf 84' lang='lat' dir='ltr'><strong>enim</strong></span> <span class='ocrx_word' id='word_1_329' title='bbox 227 3657 328 3734; x_wconf 88' lang='lat' dir='ltr'><strong>homo,</strong></span> <span class='ocrx_word' id='word_1_330' title='bbox 343 3661 378 3714; x_wconf 89' lang='lat' dir='ltr'><strong>ut</strong></span> <span class='ocrx_word' id='word_1_331' title='bbox 400 3657 486 3722; x_wconf 78' lang='lat' dir='ltr'><strong>focile</strong></span> <span class='ocrx_word' id='word_1_332' title='bbox 499 3655 649 3731; x_wconf 87' lang='lat' dir='ltr'><strong>conjicias,</strong></span> <span class='ocrx_word' id='word_1_333' title='bbox 665 3655 689 3713; x_wconf 89' lang='lat' dir='ltr'><strong>si</strong></span> <span class='ocrx_word' id='word_1_334' title='bbox 708 3657 939 3731; x_wconf 85' lang='lat' dir='ltr'><strong>ingemiscentem</strong></span> <span class='ocrx_word' id='word_1_335' title='bbox 962 3655 1072 3728; x_wconf 87' lang='lat' dir='ltr'><strong>audias,</strong></span> <span class='ocrx_word' id='word_1_336' title='bbox 1085 3655 1167 3713; x_wconf 77' lang='lat' dir='ltr'><strong>novit</strong></span> 
     </span>
     <span class='ocr_line' id='line_1_41' title="bbox 80 3733 1166 3812; baseline 0 -18"><span class='ocrx_word' id='word_1_337' title='bbox 80 3738 147 3808; x_wconf 92' lang='lat' dir='ltr'><strong>quid</strong></span> <span class='ocrx_word' id='word_1_338' title='bbox 161 3737 216 3795; x_wconf 90' lang='lat' dir='ltr'><strong>sibi</strong></span> <span class='ocrx_word' id='word_1_339' title='bbox 230 3739 301 3796; x_wconf 84' lang='lat' dir='ltr'><strong>velit</strong></span> <span class='ocrx_word' id='word_1_340' title='bbox 313 3738 392 3796; x_wconf 89' lang='lat' dir='ltr'><strong>culus</strong></span> <span class='ocrx_word' id='word_1_341' title='bbox 407 3737 595 3797; x_wconf 89' lang='lat' dir='ltr'><strong>cacaturieus.</strong></span> <span class='ocrx_word' id='word_1_342' title='bbox 639 3733 667 3794; x_wconf 94' lang='grc' dir='ltr'><strong>Ο</strong></span> <span class='ocrx_word' id='word_1_343' title='bbox 681 3738 844 3795; x_wconf 84' lang='lat' dir='ltr'><strong>veneranda</strong></span> <span class='ocrx_word' id='word_1_344' title='bbox 856 3734 978 3812; x_wconf 86' lang='lat' dir='ltr'><strong>Lucina,</strong></span> <span class='ocrx_word' id='word_1_345' title='bbox 991 3755 1028 3794; x_wconf 91' lang='lat' dir='ltr'><strong>ue</strong></span> <span class='ocrx_word' id='word_1_346' title='bbox 1042 3755 1087 3795; x_wconf 90' lang='lat' dir='ltr'><strong>me</strong></span> <span class='ocrx_word' id='word_1_347' title='bbox 1101 3735 1166 3794; x_wconf 84' lang='lat' dir='ltr'><strong>siris</strong></span> 
     </span>
     <span class='ocr_line' id='line_1_42' title="bbox 80 3817 977 3895; baseline 0 -20"><span class='ocrx_word' id='word_1_348' title='bbox 80 3820 219 3892; x_wconf 89' lang='lat' dir='ltr'><strong>disrumpi</strong></span> <span class='ocrx_word' id='word_1_349' title='bbox 233 3823 368 3876; x_wconf 88' lang='lat' dir='ltr'><strong>obserato</strong></span> <span class='ocrx_word' id='word_1_350' title='bbox 382 3821 497 3895; x_wconf 88' lang='lat' dir='ltr'><strong>podice,</strong></span> <span class='ocrx_word' id='word_1_351' title='bbox 512 3825 544 3876; x_wconf 91' lang='lat' dir='ltr'><strong>ut</strong></span> <span class='ocrx_word' id='word_1_352' title='bbox 558 3837 594 3874; x_wconf 90' lang='lat' dir='ltr'><strong>ne</strong></span> <span class='ocrx_word' id='word_1_353' title='bbox 606 3817 670 3875; x_wconf 81' lang='lat' dir='ltr'><strong>fiam</strong></span> <span class='ocrx_word' id='word_1_354' title='bbox 683 3819 810 3877; x_wconf 85' lang='lat' dir='ltr'><strong>lasanum</strong></span> <span class='ocrx_word' id='word_1_355' title='bbox 826 3819 977 3876; x_wconf 89' lang='lat' dir='ltr'><strong>comicum.</strong></span> 
     </span>
    </p>

    <p class='ocr_par' dir='ltr' id='par_1_19' title="bbox 119 3897 837 3975">
     <span class='ocr_line' id='line_1_43' title="bbox 119 3897 837 3975; baseline -0.001 -17"><span class='ocrx_word' id='word_1_356' title='bbox 119 3897 279 3958; x_wconf 84' lang='lat' dir='ltr'><strong>CHREM.</strong></span> <span class='ocrx_word' id='word_1_357' title='bbox 301 3897 381 3958; x_wconf 87' lang='lat' dir='ltr'><strong>Heus</strong></span> <span class='ocrx_word' id='word_1_358' title='bbox 394 3909 438 3975; x_wconf 91' lang='lat' dir='ltr'><strong>tu,</strong></span> <span class='ocrx_word' id='word_1_359' title='bbox 452 3901 519 3975; x_wconf 92' lang='lat' dir='ltr'><strong>quid</strong></span> <span class='ocrx_word' id='word_1_360' title='bbox 532 3900 624 3959; x_wconf 84' lang='lat' dir='ltr'><strong>iacis?</strong></span> <span class='ocrx_word' id='word_1_361' title='bbox 648 3919 717 3957; x_wconf 83' lang='lat' dir='ltr'><strong>rrum</strong></span> <span class='ocrx_word' id='word_1_362' title='bbox 732 3898 837 3958; x_wconf 83' lang='lat' dir='ltr'><strong>cacas?</strong></span> 
     </span>
    </p>

    <p class='ocr_par' dir='ltr' id='par_1_20' title="bbox 117 3977 1085 4056">
     <span class='ocr_line' id='line_1_44' title="bbox 117 3977 1085 4056; baseline -0.004 -17"><span class='ocrx_word' id='word_1_363' title='bbox 117 3977 234 4039; x_wconf 82' lang='lat' dir='ltr'><strong>BLEP.</strong></span> <span class='ocrx_word' id='word_1_364' title='bbox 258 3977 380 4056; x_wconf 86' lang='lat' dir='ltr'><strong>Egone?</strong></span> <span class='ocrx_word' id='word_1_365' title='bbox 402 4001 462 4040; x_wconf 90' lang='lat' dir='ltr'><strong>uon</strong></span> <span class='ocrx_word' id='word_1_366' title='bbox 476 3983 602 4056; x_wconf 86' lang='lat' dir='ltr'><strong>equidem</strong></span> <span class='ocrx_word' id='word_1_367' title='bbox 617 3981 713 4039; x_wconf 85' lang='lat' dir='ltr'><strong>hercle</strong></span> <span class='ocrx_word' id='word_1_368' title='bbox 727 3982 869 4055; x_wconf 84' lang='lat' dir='ltr'><strong>amptius3</strong></span> <span class='ocrx_word' id='word_1_369' title='bbox 892 3979 940 4036; x_wconf 90' lang='lat' dir='ltr'><strong>sed</strong></span> <span class='ocrx_word' id='word_1_370' title='bbox 956 3994 1085 4053; x_wconf 83' lang='lat' dir='ltr'><strong>resurgo.</strong></span> 
     </span>
    </p>

    <p class='ocr_par' dir='ltr' id='par_1_21' title="bbox 119 4057 1086 4130">
     <span class='ocr_line' id='line_1_45' title="bbox 119 4057 1086 4130; baseline -0.002 -12"><span class='ocrx_word' id='word_1_371' title='bbox 119 4057 281 4122; x_wconf 79' lang='lat' dir='ltr'><strong>CHREM.</strong></span> <span class='ocrx_word' id='word_1_372' title='bbox 302 4060 382 4130; x_wconf 84' lang='lat' dir='ltr'><strong>Quid</strong></span> <span class='ocrx_word' id='word_1_373' title='bbox 394 4082 465 4124; x_wconf 78' lang='lat' dir='ltr'><strong>vero</strong></span> <span class='ocrx_word' id='word_1_374' title='bbox 478 4064 574 4122; x_wconf 85' lang='lat' dir='ltr'><strong>uxoris</strong></span> <span class='ocrx_word' id='word_1_375' title='bbox 588 4071 645 4120; x_wconf 85' lang='lat' dir='ltr'><strong>tnae</strong></span> <span class='ocrx_word' id='word_1_376' title='bbox 660 4065 811 4122; x_wconf 89' lang='lat' dir='ltr'><strong>amiculum</strong></span> <span class='ocrx_word' id='word_1_377' title='bbox 824 4061 942 4118; x_wconf 85' lang='lat' dir='ltr'><strong>induisti</strong></span> <span class='ocrx_word' id='word_1_378' title='bbox 956 4059 969 4116; x_wconf 76' lang='grc' dir='ltr'><strong><em>ἓ</em></strong></span> <span class='ocrx_word' id='word_1_379' title='bbox 1084 4067 1086 4071; x_wconf 88' lang='grc'><strong>’</strong></span> 
     </span>
    </p>

    <p class='ocr_par' dir='ltr' id='par_1_22' title="bbox 83 4139 1168 4300">
     <span class='ocr_line' id='line_1_46' title="bbox 117 4139 1168 4221; baseline 0.002 -22"><span class='ocrx_word' id='word_1_380' title='bbox 117 4139 234 4200; x_wconf 81' lang='lat' dir='ltr'><strong>BLEP.</strong></span> <span class='ocrx_word' id='word_1_381' title='bbox 257 4141 376 4221; x_wconf 83' lang='lat' dir='ltr'><strong>Quippe</strong></span> <span class='ocrx_word' id='word_1_382' title='bbox 394 4145 467 4204; x_wconf 86' lang='lat' dir='ltr'><strong>iilud</strong></span> <span class='ocrx_word' id='word_1_383' title='bbox 489 4152 595 4204; x_wconf 87' lang='lat' dir='ltr'><strong>temere</strong></span> <span class='ocrx_word' id='word_1_384' title='bbox 611 4145 643 4202; x_wconf 88' lang='lat' dir='ltr'><strong>in</strong></span> <span class='ocrx_word' id='word_1_385' title='bbox 663 4145 788 4203; x_wconf 85' lang='lat' dir='ltr'><strong>tenebris</strong></span> <span class='ocrx_word' id='word_1_386' title='bbox 811 4141 891 4202; x_wconf 86' lang='lat' dir='ltr'><strong>intus</strong></span> <span class='ocrx_word' id='word_1_387' title='bbox 912 4141 988 4217; x_wconf 85' lang='lat' dir='ltr'><strong>cepi.</strong></span> <span class='ocrx_word' id='word_1_388' title='bbox 1029 4140 1073 4200; x_wconf 79' lang='lat' dir='ltr'><strong>At</strong></span> <span class='ocrx_word' id='word_1_389' title='bbox 1093 4139 1168 4201; x_wconf 77' lang='lat' dir='ltr'><strong>uude</strong></span> 
     </span>
     <span class='ocr_line' id='line_1_47' title="bbox 83 4223 328 4300; baseline 0.02 -21"><span class='ocrx_word' id='word_1_390' title='bbox 83 4223 141 4300; x_wconf 83' lang='lat' dir='ltr'><strong>agis</strong></span> <span class='ocrx_word' id='word_1_391' title='bbox 155 4229 195 4298; x_wconf 86' lang='lat' dir='ltr'><strong>te,</strong></span> <span class='ocrx_word' id='word_1_392' title='bbox 210 4225 328 4298; x_wconf 76' lang='lat' dir='ltr'><strong>queso?</strong></span> 
     </span>
    </p>

    <p class='ocr_par' dir='ltr' id='par_1_23' title="bbox 121 4301 490 4366">
     <span class='ocr_line' id='line_1_48' title="bbox 121 4301 490 4366; baseline 0.011 -4"><span class='ocrx_word' id='word_1_393' title='bbox 121 4301 280 4364; x_wconf 83' lang='lat' dir='ltr'><strong>CHREM.</strong></span> <span class='ocrx_word' id='word_1_394' title='bbox 301 4305 327 4365; x_wconf 86' lang='lat' dir='ltr'>E</span> <span class='ocrx_word' id='word_1_395' title='bbox 341 4308 490 4366; x_wconf 87' lang='lat' dir='ltr'><strong>concione.</strong></span> 
     </span>
    </p>

    <p class='ocr_par' dir='ltr' id='par_1_24' title="bbox 120 4383 976 4462">
     <span class='ocr_line' id='line_1_49' title="bbox 120 4383 976 4462; baseline 0.002 -20"><span class='ocrx_word' id='word_1_396' title='bbox 120 4383 237 4444; x_wconf 83' lang='lat' dir='ltr'><strong>BLEP.</strong></span> <span class='ocrx_word' id='word_1_397' title='bbox 259 4385 363 4446; x_wconf 84' lang='lat' dir='ltr'><strong>Jamne</strong></span> <span class='ocrx_word' id='word_1_398' title='bbox 376 4407 444 4462; x_wconf 83' lang='lat' dir='ltr'><strong>ergo</strong></span> <span class='ocrx_word' id='word_1_399' title='bbox 458 4387 569 4446; x_wconf 86' lang='lat' dir='ltr'><strong>dimissa</strong></span> <span class='ocrx_word' id='word_1_400' title='bbox 581 4385 645 4447; x_wconf 85' lang='lat' dir='ltr'><strong>est?</strong></span> <span class='ocrx_word' id='word_1_401' title='bbox 973 4410 976 4415; x_wconf 91' lang='lat'>·</span> 
     </span>
    </p>

    <p class='ocr_par' dir='ltr' id='par_1_25' title="bbox 86 4459 1167 4630">
     <span class='ocr_line' id='line_1_50' title="bbox 122 4459 1167 4543; baseline -0.007 -19"><span class='ocrx_word' id='word_1_402' title='bbox 122 4464 283 4525; x_wconf 80' lang='lat' dir='ltr'>CHREM.</span> <span class='ocrx_word' id='word_1_403' title='bbox 305 4467 353 4526; x_wconf 83' lang='lat' dir='ltr'><strong>lta</strong></span> <span class='ocrx_word' id='word_1_404' title='bbox 365 4469 471 4543; x_wconf 88' lang='lat' dir='ltr'><strong>hercle,</strong></span> <span class='ocrx_word' id='word_1_405' title='bbox 485 4473 515 4525; x_wconf 89' lang='lat' dir='ltr'><strong>et</strong></span> <span class='ocrx_word' id='word_1_406' title='bbox 527 4470 639 4543; x_wconf 89' lang='lat' dir='ltr'><strong>quidem</strong></span> <span class='ocrx_word' id='word_1_407' title='bbox 650 4464 789 4523; x_wconf 85' lang='lat' dir='ltr'><strong>diluculo.</strong></span> <span class='ocrx_word' id='word_1_408' title='bbox 832 4459 871 4521; x_wconf 83' lang='lat' dir='ltr'><strong>Et</strong></span> <span class='ocrx_word' id='word_1_409' title='bbox 883 4481 939 4538; x_wconf 89' lang='lat' dir='ltr'><strong>pro</strong></span> <span class='ocrx_word' id='word_1_410' title='bbox 952 4459 1083 4539; x_wconf 79' lang='lat' dir='ltr'><strong>Jupiter!</strong></span> <span class='ocrx_word' id='word_1_411' title='bbox 1101 4460 1167 4540; x_wconf 88' lang='lat' dir='ltr'><strong>plu·</strong></span> 
     </span>
     <span class='ocr_line' id='line_1_51' title="bbox 86 4544 1164 4630; baseline -0.002 -26"><span class='ocrx_word' id='word_1_412' title='bbox 86 4545 186 4610; x_wconf 82' lang='lat' dir='ltr'><strong>simum</strong></span> <span class='ocrx_word' id='word_1_413' title='bbox 200 4548 417 4624; x_wconf 81' lang='lat' dir='ltr'><strong>risompraebuit</strong></span> <span class='ocrx_word' id='word_1_414' title='bbox 431 4547 558 4630; x_wconf 82' lang='lat' dir='ltr'><strong>rubrica,</strong></span> <span class='ocrx_word' id='word_1_415' title='bbox 573 4567 658 4628; x_wconf 83' lang='lat' dir='ltr'><strong>quom</strong></span> <span class='ocrx_word' id='word_1_416' title='bbox 673 4544 803 4621; x_wconf 85' lang='lat' dir='ltr'><strong>undique</strong></span> <span class='ocrx_word' id='word_1_417' title='bbox 814 4551 988 4624; x_wconf 82' lang='lat' dir='ltr'><strong>sparserant.</strong></span> <span class='ocrx_word' id='word_1_418' title='bbox 1161 4585 1164 4589; x_wconf 84' lang='lat'>-</span> 
     </span>
    </p>
   </div>
   <div class='ocr_carea' id='block_1_5' title="bbox 0 0 1443 4984">
    <p class='ocr_par' dir='ltr' id='par_1_26' title="bbox 0 0 1443 4984">
     <span class='ocr_line' id='line_1_52' title="bbox 0 0 1443 4984; baseline 0 0"><span class='ocrx_word' id='word_1_419' title='bbox 0 0 1443 4984; x_wconf 95' lang='lat' dir='ltr'><strong> </strong></span> 
     </span>
    </p>
   </div>
  </div>
 </body>
</html>
