2875 4984
545 395 724 460 NUBES.
814 437 820 444 -
1129 407 1188 464 lus

93 555 130 612 ut
143 551 212 612 illos
223 571 366 614 sermones
378 555 517 630 addiscat,
528 558 683 632 meliorem,
698 559 820 631 inquam,
832 560 958 633 quisquis
972 561 1019 618 ille
1031 561 1079 633 sit,
1093 569 1123 618 et
1133 581 1182 636 pa·

91 635 209 706 jorem,
224 638 273 708 qui
286 637 392 710 injuste
405 639 526 695 dicundo
547 641 691 696 meliorem
703 642 828 714 evertit3
855 645 878 700 si
900 645 992 699 minus
1004 643 1112 716 ambos,
1127 643 1182 700 sal·

94 721 157 770 tem
175 713 415 788 injustnmillnm,
430 720 530 790 quovis
544 726 641 790 paeto.

137 792 229 854 SOC.
252 795 375 870 ipsemet
387 800 477 858 discet
488 801 525 856 ab
538 801 605 876 ipsis
617 802 803 862 sermonibus.
901 800 905 814 '

137 873 300 936 STREPS.
326 877 386 954 Ego
400 887 494 938 autem
508 881 605 938 abero.
649 880 729 940 lstuc
740 885 828 959 igitur
846 885 1016 960 meminoris,
1030 883 1108 941 ulad
1123 901 1183 940 om·

92 956 148 1014 nia
164 975 183 1012 e
194 956 261 1030 jure
275 961 364 1032 petite
378 965 544 1036 argumenta
558 963 754 1021 contradicere
766 973 862 1039 queat.

136 1033 271 1096 CHOR.
293 1037 403 1114 (Deest
416 1038 508 1102 Cdvri
520 1044 699 1114 cantilena.)

138 1113 163 1174 J
171 1115 255 1176 UsT.
276 1118 342 1178 Huc
357 1125 489 1196 procede,
502 1131 532 1178 et
545 1127 662 1182 ostende
674 1128 934 1200 tespectatoribns,
949 1125 1016 1182 licet
1029 1123 1121 1181 andex
1135 1121 1182 1183 sis.

139 1195 226 1258 INJ.
249 1199 265 1256 I
280 1219 338 1274 quo
353 1204 450 1262 lubet:
474 1223 540 1262 nuru
554 1207 743 1280 multomagis
756 1208 834 1282 apud
858 1209 1067 1265 multitudinem
1087 1205 1184 1262 dicen-

91 1279 137 1336 do
154 1285 188 1336 te
200 1282 326 1353 perdam.

140 1357 165 1418 J
171 1359 256 1420 UST.
277 1361 323 1419 Tu
336 1381 381 1421 me
393 1368 515 1441 perdas?
538 1369 601 1442 quis
614 1364 663 1426 es?

143 1439 230 1500 INJ.
253 1443 361 1502 Sermo.

141 1519 167 1580 J
175 1519 256 1579 dsT.
277 1524 318 1580 At
331 1524 459 1584 inferior.

143 1601 228 1662 INJ.
251 1603 304 1662 Sed
316 1613 343 1662 te
358 1607 476 1684 vincam,
494 1610 542 1682 qui
556 1627 600 1667 me
613 1611 755 1683 potiorem
770 1615 799 1668 te
813 1627 873 1668 osse
884 1608 963 1666 dieis.

142 1681 167 1742 J
172 1681 255 1742 UST.
277 1685 405 1753 Quanam
418 1697 490 1764 arte,
504 1708 596 1762 quove
607 1689 767 1766 sapientia?

145 1762 230 1823 INJ.
252 1765 419 1828 Commenta
432 1789 506 1828 noro
520 1772 701 1832 inveniendo.

142 1842 167 1903 J
174 1843 256 1904 UST.
279 1845 339 1904 lsta
351 1852 426 1912 enim
440 1853 543 1908 florent
557 1864 676 1928 propter
689 1854 760 1910 istos
772 1854 886 1910 stultos.

145 1923 227 1987 INJ.
251 1925 320 1986 Non
334 1931 552 2006 stultos‚rerum
567 1936 719 2009 sapientes.

146 2004 171 2064 J
174 2005 258 2066 UST.
279 2007 398 2068 Perdam
413 2019 441 2070 te
456 2014 581 2087 pessime.

146 2083 230 2146 INJ.
253 2087 331 2155 Quid
346 2093 495 2152 faciendo?
518 2093 574 2152 dic.

146 2165 170 2226 J
175 2165 258 2230 UST.
281 2167 336 2230 llla
348 2173 480 2250 dicendo,
496 2193 556 2247 quae
565 2173 645 2249 justa
658 2181 735 2232 sunt.

148 2246 232 2307 INJ.
254 2249 308 2308 Sed
321 2253 376 2312 iste
389 2261 511 2316 erectam
527 2257 769 2315 contradicendo:
793 2269 858 2312 nam
881 2269 940 2312 esse
951 2249 1089 2328 justitiam
1105 2253 1188 2327 plane

103 2347 194 2404 nego.

148 2409 170 2470 J
176 2410 259 2471 Usu.
282 2411 377 2492 Negas
389 2417 466 2474 esse?

147 2490 228 2552 INJ.
251 2491 343 2569 Cedo,
358 2499 405 2555 ubi
419 2504 461 2556 est
474 2498 567 2574 ergo?

143 2571 167 2631 J
173 2573 257 2632 UST.
278 2579 366 2652 Apud
379 2580 455 2636 deos.
1074 2623 1085 2648 .

150 2652 229 2714 INJ.
251 2655 418 2732 Quomodo,
442 2678 551 2734 quaeso,
566 2661 588 2718 si
608 2659 717 2734 justitia
740 2663 794 2732 est,
813 2655 929 2730 Jupiter
953 2673 1011 2712 non
1030 2654 1126 2727 periit,
1140 2653 1190 2726 qni

105 2742 219 2810 patrem
233 2755 315 2796 suum
327 2741 356 2796 in
370 2741 484 2798 vincula
498 2740 643 2819 conjecit?

151 2816 260 2876 JUST.
282 2819 352 2878 Au!
373 2823 446 2880 istuc
460 2841 525 2880 sane
538 2824 644 2880 malum
665 2818 805 2894 procedit.
847 2814 992 2874 Nauseam
1013 2814 1103 2887 iacit3
1125 2813 1191 2870 date

106 2893 179 2954 milri
194 2902 309 2972 pelrlm.

95 3033 98 3038 .
152 2978 232 3039 INJ.
255 2981 423 3058 Decrepitus
436 3002 464 3043 es
478 2989 508 3042 ot
521 2982 721 3041 inconcinnus.

152 3059 173 3119 J
177 3059 261 3120 UST.
284 3061 419 3122 Cinaedus
432 3083 461 3124 cs
475 3072 504 3122 et
517 3065 674 3138 impudens.

154 3139 233 3201 INJ.
255 3141 329 3201 Mihi
343 3162 415 3202 rosae
430 3146 560 3204 ridentur
573 3160 636 3219 qum
647 3143 726 3202 dIcis.

153 3219 173 3280 J
179 3221 262 3282 UST.
284 3221 323 3282 Et
335 3245 443 3284 scurra.

153 3301 231 3362 INJ.
254 3302 334 3362 Liliis
347 3324 391 3364 me
404 3323 535 3365 coronas.

153 3381 263 3443 JUST.
287 3383 324 3442 Et
338 3387 487 3460 parricida.

154 3460 231 3523 INJ.
256 3462 327 3523 Non
341 3466 552 3540 animadvertis,
566 3469 599 3524 ul
609 3485 654 3524 rue
666 3483 739 3524 auro
753 3479 932 3540 consperges.
1095 3519 1106 3550 s

154 3541 176 3604 J
179 3541 264 3604 UST.
286 3543 363 3603 Olim
379 3555 455 3606 certe
469 3565 527 3605 non
540 3563 624 3621 auro,
640 3565 739 3604 rerum
754 3546 874 3621 plumbo
886 3538 1128 3617 conspergebarn.
1225 3551 1232 3562 ‘

156 3623 239 3686 INJ.
261 3625 302 3686 st
315 3644 392 3684 nunc
405 3628 478 3686 illud
484 3633 533 3686 'est
545 3627 613 3686 mihl
627 3636 832 3686 ornamentum.

156 3704 177 3764 J
180 3703 265 3764 Us'r.
287 3703 406 3775 Quanta
418 3717 461 3768 eat
474 3715 524 3768 tua
536 3707 673 3772 audacia!

156 3783 239 3844 INJ.
260 3785 377 3854 Quanta
388 3809 457 3850 vero
471 3797 520 3846 tua
531 3788 640 3861 ineptia
651 3787 662 3845 l

157 3865 179 3926 J
183 3865 267 3926 US'l'.
290 3867 414 3944 Propter
429 3877 458 3928 te
471 3871 655 3942 frequentare
667 3869 768 3926 ludum
783 3868 876 3924 nullus
891 3867 951 3922 vult
964 3863 1145 3921 adolescens:
1168 3865 1198 3926 et

113 3955 274 4023 agnoscent
287 3949 354 4008 olim
368 3951 566 4022 Athenienses,
579 3950 675 4022 qualia
687 3949 790 4006 doceas
802 3948 916 4005 stultos.
1176 3971 1179 3978 ·

158 4028 239 4090 INJ.
260 4028 400 4104 Turpiter
413 4032 545 4106 squalles.

159 4108 179 4169 J
183 4107 268 4168 UST.
281 4109 327 4169 Tu
335 4119 427 4187 autern
438 4131 467 4169 es
477 4111 566 4184 dives,
578 4111 688 4168 tametsi
697 4110 816 4167 antehac
824 4106 1032 4178 mendicabare,
1041 4100 1198 4175 Telephum

115 4191 198 4250 illum
212 4190 329 4268 Mysum
346 4199 374 4251 te
385 4210 445 4252 esse
464 4194 634 4270 praedicans,
649 4210 666 4249 e
680 4192 781 4266 perula
795 4189 959 4262 depromtas
979 4181 1199 4244 Pandelettsua·

117 4273 222 4332 tentias
237 4273 351 4331 rodens.

161 4350 238 4414 INJ.
261 4349 439 4430 Oquantam
448 4367 588 4416 memoras
600 4351 668 4414 milri
680 4347 862 4427 sapientiam!
