2875 4984
552 362 694 429 AVES.
1096 374 1155 440 tii

47 528 167 587 demum
181 523 267 585 diis:
282 520 448 597 ,unicnique
466 525 563 585 sutem
574 523 692 583 deorum
705 524 810 583 decore
829 520 988 601 sdJungant
1007 540 1088 583 arem
1100 529 1158 587 ali.

47 628 151 683 quam,
173 614 276 681 prout
297 608 414 683 singulae
438 603 553 682 singuiis
576 604 767 665 convenient:
790 603 898 665 Veneri
920 606 943 663 si
967 607 1030 681 quis
1053 606 1157 685 iaciat,

49 692 96 747 ari
112 688 268 763 phaleridi
288 689 413 745 triticum
428 689 549 745 niteret:
579 689 602 745 si
617 687 681 760 quis
693 686 836 761 Neptuno
851 688 988 763 pecudem
1004 688 1155 762 sacrificet,

48 774 185 828 triticum
214 774 298 828 anati
311 776 480 829 consecrat:
504 766 620 829 Herculi
633 787 703 827 raro
724 771 747 827 si
768 771 881 843 bovem,
895 787 989 845 gerere
1010 771 1156 844 placentas

48 852 124 911 libet
148 854 285 910 mellitas
298 871 307 909 :
330 850 354 907 si
367 848 436 909 Jori
459 851 587 909 immolet
599 850 659 925 regi
680 851 809 924 arietem,
825 868 875 908 rex
888 859 931 909 est
943 850 1070 910 orchilus
1083 852 1153 931 ales,

51 936 100 988 cni
113 942 190 991 ante
205 934 304 1008 ipsum
319 930 422 991 Jorem
435 932 517 992 decet
531 933 646 991 culicem
660 933 802 991 colentum
816 941 950 991 mactare.
1071 983 1074 989 .

92 1012 228 1074 EUEL.
251 1012 404 1089 Perplacet
417 1015 500 1073 culex
515 1014 561 1073 ille
573 1020 733 1073 mactatus:
754 1032 831 1071 nunc
844 1015 957 1073 intonet
969 1012 1156 1090 mngnnslo.

51 1114 105 1151 vn.

88 1173 153 1233 ΕΡ.
181 1174 302 1241 Etenim
315 1194 374 1248 qno
389 1180 477 1248 pacto
490 1193 543 1235 nos
557 1175 685 1235 homines
704 1174 913 1233 existimabunt
926 1193 986 1233 esse
998 1175 1079 1251 deos,
1094 1194 1156 1237 non

52 1275 122 1314 sero
136 1257 305 1331 graculos?
329 1258 435 1331 quippe
448 1257 498 1329 qui
511 1259 652 1330 volemus,
667 1275 829 1332 pennasque
841 1258 1007 1315 babeamus.

91 1336 237 1395 PlSTH.
259 1334 290 1395 N
293 1340 386 1411 ugaris
398 1357 406 1393 :
430 1356 495 1395 nam
508 1335 558 1412 pol
571 1343 600 1394 et
613 1338 673 1411 ipse
686 1336 847 1396 Mercurius
862 1340 952 1413 volat,
962 1341 1074 1399 tametsi
1087 1343 1155 1405 dens

54 1424 110 1493 est,
126 1421 256 1491 alasque
276 1421 351 1494 gerit
361 1439 372 1490 ;
394 1419 501 1492 aliique
525 1419 622 1477 itidem
635 1420 673 1478 dii
695 1419 853 1493 permulti:
876 1428 917 1495 et,
933 1426 967 1477 ut
987 1423 1059 1481 alios
1071 1426 1155 1481 omit-

53 1505 124 1573 tam,
143 1498 289 1559 Victoria
300 1502 381 1557 rolat
400 1501 493 1557 aureis
506 1500 579 1571 alis;
602 1502 689 1557 immo
702 1501 798 1559 hercle
810 1502 913 1559 Amor.
954 1499 1032 1569 Quin
1047 1504 1155 1567 lridem

54 1578 206 1639 Homerus
221 1582 338 1639 similem
352 1599 412 1638 asse
424 1581 500 1639 dixit
511 1582 630 1655 trepidae
646 1582 796 1638 columbae.

94 1660 157 1720 ΕΡ.
182 1662 297 1721 Nonne
319 1659 439 1737 Jupiter
458 1664 613 1740 intonabit,
628 1663 769 1737 nobisque
791 1662 929 1737 aligerum
950 1661 1154 1726 immittetlul.

55 1742 145 1799 men?

93 1822 233 1881 PlSTH.
255 1823 285 1883 si
298 1829 391 1882 autem
402 1824 531 1881 homines
546 1842 606 1898 prae
619 1823 733 1882 inscitia
748 1842 799 1883 ros
812 1824 925 1897 quidem
939 1824 1011 1883 nibil
1024 1844 1084 1885 esse
1097 1827 1154 1886 dn.

56 1905 166 1979 serint,
181 1904 253 1963 illos
275 1924 345 1964 vero
365 1910 477 1963 nutum
490 1906 571 1980 deos,
585 1907 633 1976 qui
653 1912 719 1962 sunt
741 1905 770 1962 in
792 1904 934 1982 Olympo,
951 1912 1019 1963 tunc
1034 1916 1155 1981 oportet

55 2001 210 2056 passerum
234 1987 546 2061 seminileguiarumque
558 1988 756 2044 subvolantem
780 1989 896 2060 nubem,
910 2004 1010 2043 eorum
1024 2006 1061 2045 ex
1078 1990 1154 2065 agris

57 2068 228 2125 subiectum
249 2087 343 2130 semen
358 2085 542 2128 consumere:
567 2073 630 2125 tum
641 2068 710 2140 ipsis
725 2065 810 2126 Ceres
825 2067 1012 2125 esurientibus
1027 2068 1154 2132 triticeum

57 2146 231 2206 distribuat.

95 2226 224 2289 EUEL.
247 2229 291 2287 At
302 2230 399 2289 hercle
411 2225 567 2304 recusabit,
580 2227 728 2303 ipsamque
740 2227 849 2289 ridebis
860 2244 960 2287 causas
972 2231 1155 2303 pretenders.

57 2312 123 2366 tem.

94 2388 234 2451 PlS'l'H.
256 2390 344 2450 Corvi
366 2390 463 2449 itidem
482 2388 694 2465 jumentorum,
708 2389 810 2463 quibus
832 2395 936 2449 terram
952 2397 1046 2464 ment,
1061 2410 1153 2466 pecu-

59 2466 183 2544 dumque
197 2477 298 2531 ocnios
311 2472 460 2546 effodiant,
476 2477 510 2528 ut
529 2472 714 2545 experiantur
728 2489 764 2527 au
779 2473 819 2529 dii
840 2472 918 2529 sitis:
942 2477 1003 2529 turn
1026 2475 1095 2549 ipsis
1106 2475 1152 2534 A.

59 2552 151 2627 pollo,
168 2557 222 2627 qui
235 2555 360 2612 medicus
373 2560 429 2627 est,
444 2553 609 2609 medeatur:
633 2570 750 2625 operam
764 2552 838 2609 enirn
853 2554 981 2611 mercede
994 2556 1082 2613 locat.

98 2630 227 2695 EUEL.
246 2634 341 2693 Modo
353 2634 409 2692 hoe
423 2650 459 2691 ne
474 2632 536 2709 fiat,
550 2638 702 2705 antequam
714 2651 769 2707 par
782 2634 860 2707 quod
874 2633 966 2691 habeo
981 2636 1152 2699 buoulorunr

60 2713 181 2782 primum
198 2717 384 2776 vendiderim·
465 2734 471 2749 ¹

97 2790 233 2856 PlSTH.
254 2797 379 2856 Terero
399 2794 424 2851 si
445 2795 554 2852 ducant
574 2811 634 2851 osse
657 2793 751 2864 deum,
765 2798 796 2851 te
812 2794 909 2863 vitam,
925 2797 954 2853 te
974 2793 1106 2875 Terram,
1121 2803 1153 2859 ts

63 2871 231 2948 Saturnum,
246 2887 277 2937 te
290 2876 472 2953 Neptunum,
487 2876 616 2933 omnibus
628 2874 671 2930 illi
685 2876 770 2931 rebus
785 2874 867 2933 bonis
881 2876 1005 2933 affluent.

98 2952 159 3016 ΕΡ.
186 2960 243 3018 Vei
257 2978 344 3018 unurn
358 2958 425 3014 mibi
439 2957 560 3014 istoruln
575 2955 792 3013 commodorum
806 2974 942 3015 memora.

97 3032 229 3099 PlSTH.
254 3039 381 3098 Primum
399 3037 513 3112 quidem
533 3036 587 3095 iliis
599 3037 701 3097 vitium
725 3036 825 3094 florem
846 3038 965 3097 locusta
987 3054 1047 3097 non
1061 3038 1157 3115 depa..

61 3127 200 3181 tuentur:
229 3141 295 3179 nam
318 3122 403 3177 unica
424 3128 595 3175 noctuarum
618 3124 649 3175 et
670 3116 788 3190 strianm
812 3123 907 3179 turma
927 3137 974 3177 eas
996 3121 1154 3179 absumet:

63 3193 164 3259 danda
177 3221 239 3261 non
255 3208 375 3277 pergent
388 3200 493 3260 culices
505 3208 536 3256 et
547 3199 692 3257 vermiculi
705 3197 776 3259 ficus
789 3200 927 3259 exedere:
949 3199 999 3261 ssd
1012 3203 1086 3262 anim
1099 3220 1149 3263 eos

63 3292 159 3339 omncs
172 3302 304 3361 prorsum
318 3282 443 3357 subleget
457 3298 531 3339 unns
544 3280 694 3337 turdorum
707 3299 788 3354 grex.

100 3356 161 3500 EPt.
184 3363 307 3424 Divitias
337 3371 431 3423 autem
464 3361 541 3421 uude
567 3362 697 3421 dabimus
721 3360 782 3420 eis?
814 3362 887 3421 illud
910 3361 986 3421 enim
1017 3361 1154 3437 inprimis·
1194 3380 1196 3385 ’

63 3453 167 3500 aman.

100 3519 232 3583 PlSTH.
253 3523 477 3583 consulentibus
497 3524 553 3582 illis
575 3541 641 3581 ares
656 3523 735 3581 baece
747 3522 967 3581 metalliiodinas
981 3521 1092 3579 dabunt
1104 3522 1149 3579 di.

64 3597 195 3678 tissimus,
211 3612 241 3664 et
256 3612 429 3665 mercaturas
441 3607 570 3663 lucrosus
584 3602 644 3662 rati
664 3605 852 3675 indicabunt3
875 3604 917 3661 its
929 3620 968 3660 ne
978 3603 1148 3663 narieuiari-

65 3696 179 3823 0¹1&
181 3688 594 3839 ¹iltirenmriiiiii:aprerrsiirmperiisit:i

103 3840 232 3907 PISTH.
253 3847 395 3906 Pradicet
416 3864 527 3915 semper
539 3845 669 3918 quedam
691 3864 728 3904 ex
740 3845 838 3905 aribus
859 3843 968 3903 homini
990 3842 1147 3915 aruspicium

67 3926 189 3997 capienti
202 3929 237 3987 de
250 3930 449 4003 navigatione:
472 3924 561 3986 Nunc
583 3944 620 3983 ne
634 3931 772 4003 naviges,
787 3926 949 3985 tiemoitt:
970 3942 1049 3983 nnnc
1062 3930 1147 3985 nusi·

66 4020 115 4075 ga,
129 4006 244 4068 tucrum
257 4012 401 4086 obtinget.

104 4083 223 4149 Eunu.
237 4088 365 4148 Gaulum
379 4107 444 4148 emo
456 4092 486 4147 et
499 4085 650 4146 nauclerus
660 4085 710 4161 lio,
721 4104 774 4144 uec
784 4085 859 4161 apud
867 4102 918 4143 ros
925 4101 1042 4147 manere
1050 4086 1145 4145 velim.

105 4163 230 4231 PlSTll.
251 4170 414 4231 Thesauros
437 4170 538 4231 itidem
559 4170 671 4247 urgenti
684 4168 726 4227 eis
748 4168 928 4243 indicabunt,
941 4184 1012 4242 quos
1023 4165 1146 4242 majores
