2875 4984
516 382 628 447 an.
1060 398 1116 455 sir

26 556 110 611 nibus
124 566 232 622 caram,
247 550 396 619 antequam
410 560 509 627 rursus
521 543 600 601 aliud
610 543 750 619 quoddam
763 548 900 621 pistillum
913 548 1117 623 impedimento

26 634 69 694 sit.
100 632 170 703 Sed,
186 630 204 686 d
218 630 362 703 agricolae,
372 634 402 684 ct
414 632 597 697 mercatores,
612 634 642 685 et
654 626 780 703 labri,ct
791 630 920 703 opifices,
932 639 961 688 et
974 631 1116 703 inquilini,

26 724 55 773 et
68 716 212 787 hospites,
227 717 257 768 et
276 709 406 773 insulani,
421 708 474 763 huc
495 707 590 765 adeste
610 726 707 767 omnes
728 710 841 784 populi,
855 712 952 769 sumtis
971 715 1118 785 quampri-

27 814 104 851 mum
119 794 265 869 ligonibus
286 798 315 849 et
331 788 459 847 vectibus
480 794 509 845 et
531 789 664 849 restibus.
705 788 794 849 Nunc
818 793 893 851 enim
905 795 1033 866 arripere
1051 793 1120 853 licet

28 874 104 933 Boni
119 872 201 931 Geni
214 874 357 947 poculum.

31 954 37 963 '
68 952 198 1014 CHOR.
221 952 287 1009 Huc
301 952 417 1009 accedat
430 950 670 1023 quisquestrenue
683 952 718 1009 ad
731 952 850 1009 odotem
863 959 951 1010 recta.
973 951 1121 1029 OGraeci‚

29 1042 180 1112 quotquot
191 1035 267 1107 estis,
283 1049 490 1103 succurramus,
504 1032 533 1088 si
542 1048 666 1101 unquam
679 1033 760 1103 alias,
772 1034 860 1089 soluti
879 1036 986 1091 bellicis
1006 1036 1122 1095 aciebus

28 1127 58 1177 et
73 1118 159 1173 malis
174 1113 354 1173 cruentificis.
397 1110 462 1169 Dies
477 1110 548 1169 enim
559 1112 654 1169 illuxit
666 1114 727 1169 hec
738 1114 853 1171 inimica
865 1112 1018 1171 Lamacho.
1050 1115 1124 1173 Pro-

30 1200 111 1273 inde,
129 1199 153 1253 si
176 1195 244 1268 quid
266 1201 308 1251 est
332 1211 404 1268 epus
424 1194 514 1267 tacto,
529 1192 575 1249 die
588 1195 670 1251 nobis
683 1203 712 1255 et
725 1193 846 1267 impera,
859 1195 938 1266 quasi
950 1194 1125 1253 architectos

30 1280 147 1351 aliquis.
190 1276 259 1334 Nou
273 1276 346 1331 enim
361 1274 435 1348 potis
450 1279 492 1329 est
512 1280 545 1329 ut
567 1274 695 1331 defetisci
718 1274 803 1333 hodic
823 1276 892 1331 mihi
911 1279 1018 1348 ridear,
1033 1280 1125 1350 prius.

30 1379 117 1433 quam
136 1359 263 1415 vectibus
282 1366 312 1413 et
325 1355 458 1417 machinis
472 1352 502 1411 iu
515 1356 604 1412 lucem
620 1356 811 1429 protraxerim
833 1357 910 1412 ittam
930 1357 1047 1413 dearum
1064 1376 1126 1414 om.

31 1444 112 1499 nium
130 1441 279 1495 maximam
293 1440 321 1491 et
333 1436 431 1493 uitium
444 1436 668 1492 amantissimam.

72 1516 209 1577 TRYG.
224 1516 328 1575 Nonne
341 1516 467 1586 silebitis,
482 1533 517 1571 no
531 1516 644 1573 nimium
658 1517 811 1573 laetabundi
823 1518 880 1573 hoc
892 1517 1007 1591 nogotio
1017 1516 1129 1576 Bellum
1165 1554 1168 1558 -

33 1602 171 1661 excitetis
186 1600 262 1655 intus
275 1596 374 1654 rostris
388 1596 570 1654 clamoribus.

77 1678 206 1739 CHOR.
229 1680 270 1735 At
290 1696 340 1737 nos
359 1680 497 1749 letamur,
513 1677 611 1733 audito
625 1676 681 1734 isto
693 1676 729 1733 de
741 1677 916 1737 extrahenda
928 1676 1002 1737 Pace
1013 1680 1129 1750 edicto;

35 1766 127 1837 longe
139 1762 214 1817 enlm
226 1761 366 1816 diversum
382 1764 424 1814 est
437 1760 473 1815 ab
486 1756 549 1830 illo,
564 1776 620 1831 quo
635 1758 717 1815 toties
731 1760 826 1815 venire
843 1758 917 1832 jussi
928 1759 1031 1819 luimus
1043 1762 1132 1820 trium

36 1847 153 1902 dierum
169 1847 351 1898 commeatum
366 1838 510 1895 habentes.
1125 1855 1127 1861 ,

78 1920 215 1981 TRYG.
237 1918 342 1977 Cavete
356 1938 431 1975 nune
454 1918 636 1975 formidantes
650 1914 804 1975 Cerberum
825 1918 917 1993 illum,
932 1939 968 1979 ne
990 1920 1033 1977 lta
1045 1926 1132 1977 aestu-

37 2025 91 2063 ans
108 2011 139 2061 et
158 2002 329 2071 vociferans,
345 2009 378 2057 ut
397 1999 494 2071 modo,
508 2017 596 2072 quum
610 1996 656 2055 hic
677 2006 749 2072 erat,
763 1997 964 2070 impedimento
983 2000 1068 2057 nobis
1085 2001 1134 2069 sit,

37 2106 98 2161 quo
110 2085 202 2141 minus
215 2085 294 2139 deam
307 2080 496 2137 extrahamus.

84 2164 214 2226 CHOll.
238 2160 330 2221 Nemo
353 2168 404 2231 cst,
418 2161 467 2232 qni
488 2178 549 2217 eam
569 2159 638 2215 mibi
659 2178 737 2215 nunc
759 2162 857 2232 quovis
879 2167 966 2236 pacto
986 2162 1100 2235 eripiat,
1113 2162 1138 2219 si

40 2249 134 2305 semel
149 2246 179 2299 in
193 2262 266 2301 meas
277 2244 386 2300 venerit
400 2238 509 2297 manus.

85 2322 214 2384 TRYG.
237 2323 321 2381 Heu!
345 2321 417 2381 heu!
441 2320 575 2378 occidetis
595 2319 686 2392 me,d
708 2322 772 2391 riri,
795 2322 849 2378 nisi
871 2320 1021 2383 clamorem
1042 2325 1139 2383 remit.

41 2411 126 2466 tatis.
170 2402 260 2473 Foras
273 2405 347 2460 enim
358 2403 556 2476 seproripieus
570 2402 667 2459 omnia
679 2402 740 2459 burc
754 2405 939 2461 conturbabit
951 2407 1079 2479 pedibus.

88 2484 216 2545 CHOR.
240 2484 362 2541 Misceat
382 2502 460 2553 sane,
475 2490 503 2538 et
518 2484 669 2537 conculcet
688 2485 794 2553 omnia,
808 2491 839 2540 et
851 2487 968 2542 turbet:
991 2483 1141 2544 nonenim

43 2570 136 2630 facile
150 2568 253 2641 gaudio
268 2564 477 2621 moderabimur
490 2561 585 2618 hodie.

89 2646 223 2705 TRYG.
246 2644 321 2714 Quid
338 2646 392 2701 hoc
416 2643 481 2698 mali
504 2638 566 2698 est?
589 2638 653 2711 quid
666 2641 772 2696 accidit
796 2641 1009 2713 robis,driri?
1041 2642 1143 2704 Neuti.
1197 2663 1200 2667 ·

45 2748 151 2809 quam,
177 2745 227 2801 per
243 2728 312 2785 deos
332 2726 462 2799 obsecro,
477 2722 666 2795 corrumpatis
678 2723 809 2778 saltando
822 2724 1043 2796 pulcherrimum
1056 2743 1146 2799 neqo-

45 2817 136 2870 tium.
1018 2836 1023 2848 ·

95 2886 223 2947 CHOR.
237 2886 375 2959 Equidem
388 2884 483 2941 hercle
497 2884 600 2939 saltare
610 2901 667 2941 non
677 2882 797 2958 eogit03
812 2902 909 2941 verum
916 2903 976 2959 prce
987 2888 1147 2961 voluptate,

47 2988 101 3033 me
116 2988 173 3025 non
185 2976 327 3037 movente,
343 2969 405 3041 ipsa
419 2984 502 3023 crure
517 2964 654 3020 saltitant.

96 3046 228 3111 TRYG.
252 3047 300 3105 Ne
313 3048 431 3118 amplius
445 3047 546 3102 etiam:
566 3045 613 3100 scd
627 3044 733 3119 desine,
748 3044 842 3102 desine
853 3046 966 3105 saltate.

99 3128 228 3189 clloil.
251 3128 293 3185 En
308 3130 367 3202 jam
380 3127 458 3184 desii.

97 3208 230 3269 TRYG·
252 3208 329 3267 Dicis
343 3208 477 3279 quidem:
501 3205 548 3262 sed
565 3206 689 3262 nondum
702 3202 815 3261 desinis.

101 3290 226 3349 CHOR.
250 3288 344 3346 Unam
358 3290 430 3344 hanc
442 3286 571 3343 choream
587 3289 645 3343 siue
660 3303 703 3341 me
717 3286 830 3358 ducere,
843 3292 872 3343 et
885 3306 944 3345 non
957 3288 1091 3360 amplius.

101 3368 230 3431 TRYG.
252 3368 333 3427 Harre
347 3386 431 3423 unam
446 3384 532 3440 ergo:
547 3372 578 3423 et
590 3383 626 3423 ne
642 3370 780 3438 preterea
792 3368 898 3425 saltetia
911 3370 1076 3440 quidquam.

104 3448 230 3511 clloll.
254 3448 323 3507 Non
338 3450 513 3513 reiteremus,
528 3446 631 3519 siquid
647 3447 698 3501 tihi
711 3447 918 3517 prodessemus.
1019 3463 1023 3469 ·

102 3528 233 3590 TRYG.
251 3528 305 3587 Sed
319 3530 419 3599 videto,
431 3528 556 3584 nondum
571 3524 701 3583 desiistis.

105 3610 230 3671 CHOR.
252 3609 332 3668 Istuc
344 3612 430 3667 modo
445 3626 507 3665 crus
520 3608 650 3664 dextrum
664 3607 686 3663 si
697 3604 855 3679 jactavere,
867 3606 931 3683 jam·
941 3613 1000 3665 tum
1013 3606 1155 3671 mehercle

27 3695 201 3757 .desinam.
762 3710 765 3715 ·

105 3768 233 3831 TRYG.
257 3768 323 3829 Hoc
336 3768 463 3842 equidem
477 3767 556 3827 vobis
570 3768 609 3823 ita
622 3767 760 3842 concedo,
777 3774 808 3823 ut
826 3767 946 3841 amplius
958 3767 1027 3825 mibi
1046 3766 1158 3834 molesti

60 3877 103 3917 ne
116 3856 185 3912 sitis.

109 3932 233 3992 CHOR.
256 3930 310 3989 Sed
333 3936 362 3987 et
385 3929 530 3986 sinistrum
549 3929 631 3985 etiam
647 3943 760 3985 necesse
773 3934 816 3984 est
832 3934 869 3983 ut
889 3928 1020 3985 nonnihil
1040 3928 1158 4005 jactem.

63 4018 185 4090 Quippe
197 4014 281 4068 laetus
295 4030 365 4085 sum,
380 4016 407 4067 et
429 4008 529 4065 letitia
541 4009 670 4080 differor,
684 4013 714 4063 et
734 4010 818 4083 pedo,
832 4016 862 4065 et
875 4007 964 4079 rideo,
976 4012 1063 4085 magis
1077 4028 1161 4083 quum

66 4102 93 4158 si
107 4100 248 4153 senectam
261 4094 409 4155 exuissem,
425 4091 490 4163 quia
505 4092 635 4165 clypeum
651 4089 745 4160 effugi.

69 4242 72 4247 ¹
111 4172 241 4233 TRYG.
264 4172 311 4231 Ne
323 4172 452 4254 gaudete
466 4188 570 4243 quaeso,
584 4172 695 4239 adhuc3
712 4169 837 4225 nondum
851 4167 923 4225 enim
938 4176 1018 4228 certo
1034 4190 1092 4228 rem
1107 4172 1162 4229 toi.

68 4262 118 4317 tis.
153 4255 206 4312 Sed
222 4254 339 4326 qnando
354 4252 580 4325 prehenderimns
601 4252 700 4322 ipsam,
717 4256 786 4305 tunc
798 4250 927 4324 gaudete,
943 4259 972 4307 et
992 4253 1121 4323 clamate,
1135 4261 1165 4310 et

74 4340 175 4399 ridete.
217 4334 333 4409 Quippe
348 4339 407 4390 tum
421 4332 534 4390 demum
547 4332 644 4390 licebit
657 4331 738 4388 vohis
747 4331 892 4407 navigare,
902 4332 1165 4420 manere-rutum,
