2875 4984
380 372 785 441 ACHARNENSES.
1083 380 1150 439 m

32 542 79 615 he,
92 542 133 598 ut
147 540 286 610 matrem,
300 534 341 593 ite
353 552 398 595 ure
410 533 529 611 Jupiter
541 541 617 595 emet
630 552 735 611 prreeee
748 530 890 592 amicitie.
930 530 986 591 Sed
1000 528 1020 591 d
1040 548 1147 591 rerum.

34 636 122 678 nuere
141 620 251 695 puelle
266 618 359 675 miseri
374 618 474 693 petris,
487 618 631 677 ascendite
644 618 680 675 od
692 633 812 688 murm,
826 616 850 673 ri
868 615 956 671 modo
969 633 1032 673 eam
1043 616 1146 672 alicubi

32 702 216 760 inveniatis.
258 699 377 771 Audite,
398 718 507 773 quaeso,
528 708 558 757 et
579 699 648 757 mihi
670 698 812 757 aduertite
831 702 978 755 rontremr
1008 701 1154 765 utrumne

33 784 133 841 rendi
148 783 250 849 vultis,
262 798 299 837 an
313 779 422 838 esurire
434 780 574 855 pessime?

80 862 219 923 PUEL.
245 860 346 935 Venuli,
361 862 456 920 vendi.

59 943 202 1005 ··MEG.
225 940 291 1017 lpse
299 942 429 1017 equidem
444 940 585 1017 optimum
594 940 651 999 hoc
663 958 777 999 censeo.
818 936 928 997 Verum
942 935 1004 1009 quie
1016 937 1089 994 adeo
1100 935 1148 991 in.

35 1036 134 1103 eptus
152 1030 204 1100 sit,
219 1026 266 1096 qui
279 1042 331 1081 ros
343 1030 429 1097 emat,
442 1024 575 1081 damnum
588 1018 836 1080 manifestarium?
867 1019 915 1077 sed
928 1026 972 1076 est
990 1016 1058 1074 mihi
1079 1014 1148 1074 Me.

35 1110 155 1182 garica
171 1106 302 1181 quaedam
314 1105 433 1161 fabrica.
475 1102 671 1161 Porcellorum
686 1102 722 1159 ad
736 1102 858 1177 speciem
870 1118 924 1157 roe
943 1098 1104 1171 adornabo,
1116 1105 1150 1156 et

34 1190 262 1263 porcellos'qqe
283 1188 359 1243 serre
381 1187 482 1243 dicem.
524 1183 641 1242 induite
661 1184 730 1241 ister
753 1182 946 1257 porcellornm
970 1181 1101 1253 ungules,
1118 1185 1150 1236 et

35 1273 115 1329 date
132 1286 267 1344 operam,
281 1267 473 1325 utrideamiui
487 1268 608 1323 exbona
620 1266 715 1323 scrofa
727 1266 820 1323 edite.
856 1260 944 1334 Nem,
954 1260 996 1319 ita
1009 1261 1053 1317 me
1066 1258 1150 1316 Mer·

37 1354 158 1411 curius
173 1354 258 1423 amet,
274 1349 297 1404 si
310 1349 424 1405 domum
438 1346 588 1421 redieritis,
603 1354 732 1403 extreme
743 1346 825 1403 tamir
839 1353 869 1401 et
883 1345 1001 1417 pessima
1014 1344 1088 1399 mala
1097 1358 1150 1397 ex·
1210 1358 1216 1371 ¹

38 1432 219 1507 periemini.
243 1429 323 1503 'Age
336 1429 446 1485 induite
458 1436 489 1485 et
501 1428 563 1485 hec
582 1435 694 1499 rostra3
712 1427 814 1483 deinde
834 1427 864 1481 in
885 1442 998 1481 saccum
1021 1424 1062 1479 sic
1075 1422 1149 1478 irre.

39 1517 112 1589 pite
124 1534 136 1571 r
165 1513 257 1569 ridete
269 1516 376 1585 autem,
391 1517 424 1565 ut
445 1511 616 1585 grunniatis,
630 1517 660 1567 et
682 1506 729 1566 coi
743 1507 857 1575 dicetis,
868 1513 898 1562 et
919 1504 1037 1561 mittetis
1050 1520 1149 1560 vocem

40 1594 256 1671 porcellorum
269 1594 466 1667 mysticorum.
507 1591 573 1664 Ego
586 1608 655 1647 reru
671 1590 783 1647 vocabo
795 1586 989 1660 Diceopoliu.
1032 1581 1092 1643 Ubi
1105 1590 1150 1641 est

44 1671 261 1747 Dicaeopolis?
282 1670 351 1730 Vin’
367 1672 508 1747 porcellos
522 1669 635 1728 emere?

88 1755 185 1815 DIC.
207 1752 305 1823 Quid?
326 1755 413 1811 homo
426 1750 612 1827 Megaricus?

90 1835 207 1895 MEG.
228 1837 274 1893 Ad
287 1840 440 1894 mercatum
455 1836 592 1891 venimus.

91 1917 185 1977 Dic.
207 1916 362 1986 Quomodo
374 1933 426 1973 ros
440 1912 570 1971 habetis?

91 2000 134 2056 M
144 1997 207 2056 EG.
231 1998 377 2055 Esurimus
391 1996 502 2053 assidue
515 1995 641 2051 sedentes
655 1992 692 2047 ed
703 1991 807 2065 ignem.

93 2080 186 2138 DlC.
209 2080 300 2151 Atqui
314 2077 408 2135 hercle
428 2094 514 2132 suove
526 2074 615 2131 estad
638 2075 732 2148 iguem
752 2072 862 2146 sedere,
876 2069 901 2127 si
925 2068 999 2125 adsit
1021 2067 1149 2123 tibicen:

48 2181 160 2220 rerum
176 2162 241 2233 quid
253 2160 330 2217 aliud
344 2157 426 2233 agitis
439 2154 534 2213 nuuc?

95 2240 209 2301 MEG.
231 2238 349 2315 Rogas?
381 2254 448 2295 sane
469 2254 557 2311 quum
578 2236 644 2293 inde
666 2233 702 2290 ad
725 2238 913 2289 mercaturam
936 2226 1151 2303 proficiscebar,

49 2322 229 2383 Provisores
243 2324 270 2380 id
283 2324 390 2379 debent
404 2324 566 2393 operam‚ut
576 2312 845 2389 quem'citiseimeet
854 2311 1159 2387 pessimeperiremuer

95 2402 186 2463 DIC.
209 2404 283 2461 Mox
296 2420 365 2476 ergo
378 2399 566 2457 liberabimini
580 2416 597 2455 e
610 2397 700 2454 molis.

97 2484 209 2544 MEG.
231 2480 390 2558 Quippiui?

97 2565 189 2626 Dic,
211 2565 285 2634 Quid
303 2564 380 2621 aliud
393 2578 463 2619 vero
475 2559 601 2633 Megaris
613 2556 708 2631 egitur
721 2555 732 2614 i
753 2555 855 2628 quanti
867 2555 945 2611 renit
953 2546 1152 2610 trumentum?

97 2646 209 2708 MEG.
231 2647 317 2721 Apud
331 2662 384 2702 nor
396 2644 494 2702 eodem
507 2642 660 2697 honoreet
675 2636 774 2712 pretio
786 2642 841 2711 est,
856 2652 915 2706 quo
930 2632 992 2689 Dii.

99 2726 187 2787 ch.
210 2728 256 2784 An
271 2744 341 2801 ergo
353 2726 439 2781 selem
453 2720 560 2778 affers?
787 2737 790 2743 ’

101 2806 211 2867 MEG.
232 2808 339 2865 Annon
354 2824 405 2863 ros
419 2803 520 2859 salinus
534 2796 659 2859 tenetis?

102 2890 189 2949 DiC.
212 2888 258 2947 Ne
272 2888 385 2960 quidem
398 2882 486 2942 allia?

104 2968 212 3029 MEG.
228 2969 313 3041 Quae,
324 2968 438 3037 malum,
450 2964 527 3037 allia,
540 2978 662 3035 quorum
673 2976 725 3015 vos
737 2973 860 3032 semper,
868 2966 953 3029 quoru
964 2950 1155 3024 irruptionem

57 3056 92 3194 ἔπι
109 3069 211 3169 ειςξυω
224 3060 354 3108 nostrum
368 3048 472 3121 tacitis,
486 3052 621 3117 tanquam
633 3040 729 3097 rustici
740 3055 846 3110 mures,
860 3038 956 3111 capita
965 3032 1073 3109 perillo
1083 3032 1155 3089 effo-

80 3136 152 3192 itis.

110 3210 194 3272 DlC.
216 3210 291 3279 Quid
304 3228 373 3284 ergo
382 3206 438 3265 iere
451 3204 462 3263 i

106 3292 212 3353 MEG.
235 3292 372 3365 Equidem
388 3304 492 3363 porcos
505 3302 609 3344 sacres.

110 3370 190 3433 DIC.
212 3372 335 3431 Pulchre
346 3369 427 3427 dicis.
470 3366 606 3426 Ostende.

109 3454 214 3513 MEG.
237 3454 346 3525 Utique
361 3450 474 3525 pulchri
487 3454 563 3506 suut.
605 3440 775 3516 Sustolle,ei
785 3439 886 3496 lubet:
908 3436 1078 3513 hem,quaru
1092 3434 1158 3507 pin·

64 3540 130 3618 guis
144 3540 197 3595 iste
209 3542 238 3593 et
253 3532 387 3609 pulcher!
921 3554 925 3559 -

111 3617 194 3677 Dic.
216 3615 296 3683 Quid
310 3616 365 3671 hoc
377 3611 418 3667 rei
426 3606 512 3667 erati

111 3697 213 3757 MEG.
233 3696 342 3756 Porcus
355 3693 504 3749 mehercle.

113 3779 197 3839 DlC.
219 3779 295 3847 Quid
309 3777 349 3835 ais
363 3772 419 3830 tui
442 3770 522 3851 cujas
534 3770 579 3825 est
591 3766 637 3823 hic
649 3758 778 3838 porcus?

113 3858 215 3919 MEG.
236 3858 408 3933 Megaricus.
450 3854 561 3909 Annon
574 3862 677 3922 porcus
691 3846 752 3903 est?
836 3885 838 3890 ,

114 3940 195 4001 DIC.
217 3939 293 3999 Mihi
306 3938 418 4012 quidem
432 3952 492 3991 nou
504 3931 626 3987 ridetur.

114 4020 218 4081 MEG.
240 4019 347 4079 Nonne
362 4018 418 4075 hoc
430 4012 584 4081 absurdum
597 4008 659 4065 est?
688 4006 816 4081 spectate
836 3996 957 4059 hominis
978 3995 1164 4056 incredulita.

73 4105 150 4164 temi
171 4110 256 4177 negat
268 4103 345 4157 huuc
355 4116 415 4157 esse
429 4110 557 4170 porcum.
599 4088 697 4161 Atqui,
711 4087 735 4143 si
755 4086 860 4158 placet,
874 4098 981 4137 mecum
1004 4079 1042 4135 da
1062 4080 1165 4152 pigrior

76 4192 106 4247 iu
118 4186 203 4245 salem
217 4201 279 4242 cum
294 4181 393 4259 thymo
408 4179 519 4250 tritum,
532 4171 587 4232 uisi
598 4170 636 4232 eit
649 4170 702 4228 iste
714 4182 823 4241 porcus
836 4160 1008 4248 Graecorum
1022 4177 1111 4218 more.
1143 4219 1145 4222 ,
