2875 4984
300 340 376 435 ns
677 368 1075 432 sorssosuaurs

284 581 287 588 .
304 531 386 591 diam
395 531 477 603 tergo
485 527 575 587 aures
584 529 648 603 alls,
657 530 811 588 celerrimas
821 531 1110 605 ventorum2vertigini
1123 528 1220 587 similis
1232 547 1240 585 z
1256 528 1313 585 ille
1324 546 1389 585 rcro

306 614 387 670 alato
400 610 610 685 caliginosaque
623 610 721 668 mistus
734 610 816 669 Chao
827 613 855 669 in
879 610 1004 670 Tartaro
1018 611 1133 685 ingente
1144 609 1234 667 edidit
1253 614 1389 667 nostrum

308 709 410 768 maus,
423 698 454 749 ot
467 692 588 763 primum
602 692 701 748 eduxit
712 694 743 749 in
756 694 856 749 lucem.
898 690 1000 765 Neque
1012 691 1087 748 euim
1100 692 1216 749 deorum
1230 708 1326 765 genus
1342 708 1388 746 an·

308 781 339 831 te
350 778 423 844 orat,
436 790 521 845 quam
535 772 630 829 omnia
643 772 864 831 commiscuisset
876 790 966 831 amor.
1009 770 1151 830 Omnibus
1163 777 1256 829 autera
1271 771 1351 827 inter
1364 788 1389 827 se
1409 798 1410 817 i

310 853 444 925 contusis,
459 851 701 928 producendum,
716 860 747 910 ct
759 852 900 925 Oceanus,
913 850 1000 927 atquc
1011 850 1114 926 Terra,
1131 854 1311 924 deorumque
1324 853 1388 907 bea-

310 943 406 992 torum
429 951 516 1009 genus
529 933 698 991 immortale.
740 933 786 991 Sic
804 934 900 1009 itaque
913 952 965 991 nos
978 952 1073 993 sumus
1086 936 1176 991 multo
1199 932 1389 1005 antiquissimi

311 1016 435 1073 omnium
448 1014 578 1072 deorum.
604 1012 670 1071 Nos
679 1020 774 1073 autem
784 1012 892 1072 Amore
901 1032 960 1072 esse
969 1022 1139 1089 prognatos,
1153 1033 1211 1072 uon
1223 1031 1321 1088 pauca
1330 1018 1389 1069 suut

310 1095 435 1153 iudicio:
449 1096 574 1151 volamus
585 1095 659 1152 euim
669 1102 699 1151 ct
707 1097 838 1152 adsumus
846 1096 1015 1153 amantibus.
1045 1092 1158 1153 Multos
1168 1093 1318 1153 enimvero
1331 1094 1387 1149 lor·
1410 1150 1411 1163 ¹

309 1192 406 1235 motos
419 1192 533 1249 pueros,
541 1176 591 1247 qui
604 1175 801 1250 dejerareraut
812 1194 843 1235 se
854 1192 1000 1247 nunquam
1013 1175 1253 1251 morigeratum,
1267 1174 1388 1231 deflore-
1410 1180 1411 1227 Τ

312 1263 410 1315 soeute
419 1255 479 1331 jam
492 1256 584 1329 prima
596 1262 690 1329 aetate,
705 1264 811 1315 nostras
827 1258 974 1330 potestatis
986 1273 1102 1313 munere
1123 1257 1304 1331 subegerunt
1318 1271 1389 1311 ama·

312 1345 414 1409 tores3
435 1338 482 1393 hic
493 1336 606 1407 quidem
620 1338 769 1394 coturnice
782 1338 862 1408 dato,
876 1339 948 1395 alter
969 1336 1177 1413 porphyrione,
1188 1333 1261 1395 alius
1283 1352 1389 1406 ansere,

312 1425 344 1476 et
363 1417 432 1475 item
448 1417 521 1474 alius
533 1413 646 1474 Persica
657 1435 720 1475 are.
763 1416 868 1475 Omnia
877 1437 945 1476 roro
957 1418 1121 1477 mortalibus
1130 1419 1305 1492 contingunt
1316 1432 1333 1471 a
1344 1433 1390 1470 no·

315 1495 361 1557 bis
373 1498 497 1571 alitibus,
511 1515 572 1569 quae
585 1497 708 1555 maxima
718 1504 798 1555 sunt.
838 1497 965 1557 Primum
982 1498 1092 1570 quidem
1105 1500 1173 1563 anui
1195 1506 1331 1571 tempora
1344 1512 1390 1552 uos

288 1590 293 1601 '
317 1579 505 1655 designamus,
519 1578 604 1652 reris,
615 1579 724 1653 hiemis,
738 1581 886 1635 autumni:
909 1586 943 1636 ut
965 1586 1072 1654 serant,
1087 1579 1203 1651 quando
1223 1596 1293 1654 grus
1317 1578 1388 1633 clan-

315 1679 384 1737 gens
397 1662 426 1718 in
439 1657 561 1735 Libyam
574 1657 696 1735 migrat3
719 1666 788 1716 tuuc
801 1660 895 1717 itidem
904 1660 1045 1718 ·nauclero
1058 1658 1208 1733 significat,
1224 1668 1258 1715 ut
1277 1676 1389 1730 suspen·

286 1780 292 1787 -
315 1757 352 1804 ao
362 1742 443 1798 claro
454 1740 599 1809 dormiat3
619 1747 757 1812 praterea
771 1738 866 1798 Oresti
878 1742 979 1797 lenam
991 1745 1156 1815 contexant,
1171 1758 1207 1796 no
1220 1740 1358 1811 homines,
1371 1740 1392 1793 sl

317 1822 426 1892 alaerit,
439 1821 563 1877 restibus
575 1820 689 1893 spoliet.
731 1818 840 1877 Miluus
855 1822 982 1895 posthaec
995 1836 1136 1893 apparens
1149 1819 1226 1878 aliud
1240 1820 1310 1877 anni
1325 1826 1388 1876 tem-

318 1919 374 1977 pus
386 1899 522 1975 designat,
535 1917 624 1972 quum
637 1901 746 1959 scilicet
757 1903 859 1959 oribus
873 1920 986 1958 vernam
1000 1903 1118 1959 tondere
1135 1903 1230 1958 lanam
1252 1900 1391 1974 tempesti-

317 2000 385 2058 vum
398 1986 449 2039 est
490 1980 600 2038 Deinde
611 1982 746 2054 hirundo,
760 2001 848 2055 quum
871 1982 946 2039 lena
963 1981 1022 2056 jam
1036 1981 1183 2038 vendenda
1203 1986 1255 2051 est,
1270 1989 1302 2039 et
1323 1980 1390 2038 asti·

317 2081 385 2122 rum
395 2062 513 2134 aliquod
523 2062 743 2136 comparandum
755 2064 912 2121 amiculum.
953 2058 1251 2121 Sumusantemvobis
1259 2064 1389 2124 Ammon,

318 2142 436 2218 Delphi,
450 2141 585 2214 Dodona,
601 2140 725 2200 Phoebus
738 2143 859 2215 Apollo.
900 2143 948 2201 Ab
961 2145 1060 2200 aribus
1074 2143 1149 2201 enim
1163 2144 1287 2217 primum
1300 2140 1390 2216 auspi·

319 2225 387 2295 cati,
401 2224 438 2279 ad
456 2222 552 2279 omnia
572 2222 674 2278 dehinc
696 2225 811 2296 negotia
823 2240 873 2281 ros
897 2224 1042 2298 confertis,
1057 2222 1094 2279 ad
1115 2231 1282 2297 mercatum,
1297 2224 1333 2280 ad
1354 2222 1389 2278 ri·

320 2310 395 2363 ctum
409 2302 590 2374 quaerendum
603 2302 680 2357 etad
695 2305 818 2375 nuptias.
845 2304 919 2363 Avis
928 2305 995 2363 item
1005 2306 1119 2361 nomine
1131 2306 1252 2362 censetis
1260 2321 1390 2377 quacun·

319 2383 426 2456 quoad
439 2380 573 2438 vaticinia
584 2388 614 2438 et
625 2381 725 2441 futura
737 2385 922 2442 discernenda
946 2385 1107 2460 pertinent:
1136 2403 1219 2442 omen
1239 2386 1323 2443 robis
1337 2386 1391 2442 avis

319 2469 382 2531 sst3
416 2462 705 2535 sternutationemque
730 2466 839 2523 uocatis
862 2484 966 2538 ovem
1000 2468 1121 2539 signum,
1149 2484 1253 2538 uvem;
1289 2483 1389 2536 rocem,

259 2578 262 2582 J
321 2560 404 2603 ovem
414 2563 427 2615 ;
446 2542 591 2618 famulum,
605 2560 688 2600 ovem
697 2564 711 2616 ,·
732 2544 854 2616 asinum,
870 2566 963 2604 ovem.
1004 2547 1113 2604 Annon
1135 2547 1234 2619 itaque
1249 2546 1391 2603 manifesto

320 2623 403 2681 robis
415 2640 512 2680 snmus
525 2623 658 2681 fatidicus
669 2624 805 2698 Apollo?
827 2624 891 2685 Nos
905 2628 993 2703 igitur
1005 2626 1028 2684 si
1042 2646 1095 2702 pro
1105 2627 1158 2684 diis
1171 2627 1341 2702 habueritis,
1356 2626 1391 2681 uti

288 2734 292 2739 *
321 2706 454 2779 poteritis
467 2723 523 2779 pro
534 2703 648 2762 ratibus
656 2703 763 2781 Musis,
779 2705 865 2781 auris,
874 2708 942 2765 anui
952 2707 1285 2783 tempestatibru,bieme,
1295 2714 1391 2775 aestate,
1414 2726 1415 2745 ³

323 2785 473 2853 moderato
495 2790 584 2842 aestu:
607 2803 697 2858 neque
709 2786 888 2861 aufugientes
901 2788 1107 2847 considobimus
1120 2806 1227 2846 sursum
1241 2789 1357 2863 superbi
1368 2788 1392 2842 in

322 2867 458 2938 nubibus,
471 2866 704 2937 quemadmodum
727 2865 844 2943 Jupiter
855 2888 865 2945 3
895 2870 942 2929 sed
955 2880 1110 2942 praesentas
1131 2870 1283 2944 largiemur
1306 2868 1391 2927 robis-

323 2947 461 3019 metipsis,
476 2946 571 3002 liberis
583 2952 670 3016 atque
683 2948 838 3019 nepotibus
852 2966 920 3023 opes
933 2968 998 3007 cum
1014 2952 1135 3009 sanimte
1158 2949 1344 3024 conjunctas,
1357 2949 1391 3005 le-

322 3026 469 3095 finitatem,
481 3026 579 3099 rium,
603 3042 711 3098 pacem
723 3028 882 3105 juventam,
896 3031 995 3104 risum,
1016 3029 1145 3102 choreas,
1160 3029 1233 3088 tosta
1257 3030 1391 3101 convivia,

323 3105 550 3178 gallinarumque
559 3105 626 3175 lac;
647 3107 718 3163 adeo
733 3114 765 3164 ut
778 3111 891 3171 satietas
902 3112 985 3169 robis
1007 3113 1170 3169 suboritura
1183 3113 1219 3169 sit
1231 3129 1294 3187 praa
1310 3114 1392 3170 hono·

322 3202 388 3242 rum
401 3184 502 3258 copia:
522 3185 565 3242 ita
572 3186 712 3244 ditsscetis
724 3206 831 3249 omues.

365 3261 455 3323 8ΕΜ.
476 3262 564 3321 Musa
576 3265 724 3340 silvestris,
737 3270 779 3327 tio
793 3272 834 3329 tio
849 3271 891 3329 tio
913 3271 955 3331 tio
969 3270 1086 3343 tiotinx,
1098 3272 1266 3344 versicolor,
1279 3290 1393 3349 quacun

324 3362 379 3421 ego
403 3346 434 3401 in
461 3345 592 3423 saltibus,
617 3350 815 3424 montiumque
835 3352 1001 3428 verticibus,
1027 3353 1070 3411 tio
1086 3354 1136 3412 tio
1159 3356 1200 3413 tio
1221 3356 1263 3412 tio
1287 3356 1393 3422 tiatira,

323 3426 441 3485 fraxino
468 3426 590 3484 insidens
615 3427 691 3487 foliis
718 3431 853 3508 comanti,
868 3434 911 3491 tio
936 3434 979 3491 tio
1004 3434 1048 3493 tio
1073 3436 1116 3491 tio
1130 3436 1172 3493 tio
1192 3435 1269 3509 tint,
1301 3452 1337 3493 ex
1351 3453 1393 3493 ors

325 3524 390 3564 mco
403 3508 511 3565 tenello
533 3512 795 3569 sacroscarminum
818 3514 917 3571 modos
940 3512 1014 3571 Pani
1039 3513 1291 3591 erlo,Magnaequc
1317 3516 1392 3573 dedra

324 3584 418 3646 Matri
429 3594 584 3660 mannua,
598 3591 633 3648 ad
647 3607 720 3661 quos
730 3596 996 3653 venerandasducat
1010 3594 1140 3669 choreas,
1156 3602 1391 3657 tototototototo·

325 3670 542 3740 tototototin13
564 3671 651 3745 undo,
665 3672 745 3729 velut
760 3675 833 3749 apis,
848 3674 1026 3753 Phrynichus
1036 3677 1233 3735 immortalium
1244 3680 1392 3736 carminum

325 3748 529 3821 depascebatur
554 3749 694 3827 tractum,
722 3757 1000 3829 sempor-,proterens
1020 3775 1134 3815 suavem
1161 3757 1344 3836 cantilenam,
1359 3759 1392 3814 tio

324 3830 367 3897 tio
388 3830 429 3885 tio
450 3829 493 3888 tio
505 3829 621 3888 tiotinx.

364 3905 485 4003 ClloR.
506 3909 534 3965 Si
548 3913 608 3980 quis
621 3913 757 3987 sestrbm,
777 3920 964 3992 spectatores,
978 3936 1043 3976 cum
1056 3919 1139 3979 nobis
1152 3920 1250 3981 aribus
1265 3920 1333 3977 velit
1354 3919 1394 3974 de·

286 4026 290 4031 -
325 4004 403 4081 gers,
413 3990 768 4069 jucundaritamdeinceps
781 4001 812 4053 ut
821 4000 941 4072 agat,ad
950 4016 1003 4057 uos
1012 3999 1116 4057 veniat.
1132 3999 1392 4075 Quaecunqueeaim

323 4066 373 4125 luc
384 4076 451 4126 sunt
463 4072 566 4149 turpia,
579 4072 746 4148 legibusque
759 4078 895 4147 obnoxia,
906 4080 958 4137 ille
978 4082 1053 4156 apud
1071 4098 1124 4137 nos
1138 4099 1203 4137 aros
1217 4081 1315 4139 omnia
1334 4083 1392 4139 sunt

324 4145 456 4205 honesta.
496 4149 553 4211 Hic
565 4152 639 4211 euim
652 4153 676 4211 si
685 4162 795 4232 patrem
808 4159 922 4233 pulsare
934 4161 996 4235 lege
1007 4164 1044 4218 sit
1055 4160 1230 4236 indecorum,
1242 4162 1297 4221 hoc
1309 4163 1393 4235 ipsum

288 4271 292 4277 .
325 4228 406 4303 apud
417 4246 470 4287 uos
483 4232 630 4303 pulchrum
644 4243 695 4304 est,
709 4240 806 4311 siquis
820 4240 856 4297 ad
866 4246 974 4315 patrem
985 4242 1157 4319 adcurrerlt,
1165 4242 1328 4316 dixeritque
1336 4258 1393 4315 per·

301 4334 307 4341 ·
325 4309 454 4368 cutiens:
479 4309 564 4373 Tolle
577 4313 687 4393 curor,
701 4321 869 4399 rip-arguas.
911 4319 940 4379 Si
959 4324 1023 4397 quis
1036 4341 1105 4380 reto
1120 4322 1244 4385 rmbdm
1265 4322 1392 4400 fugitivus
