2875 4984
548 318 693 385 Avus.
1109 330 1170 389 20⁷

89 474 239 537 PISTH
243 521 254 536 .
276 473 362 535 Haud
371 474 500 551 equidem
510 478 635 537 audiam.

94 559 196 617 elN.
226 558 328 617 Immo
342 559 483 617 mehercle
505 564 535 614 tu
549 559 673 632 quidem.
715 554 838 619 Omnem
860 575 982 637 numque
1004 578 1170 638 percurram
1253 632 1258 643 .

47 639 110 696 tibi
123 640 261 716 ai’erem,
272 641 425 699 simulacra
437 641 607 717 volatilium,
622 641 756 701 aetherem
769 645 986 720 permeantium,
997 645 1092 703 avium
1107 647 1170 705 leu-

49 720 246 794 gisoliium.

94 800 256 860 PISTH.
278 802 363 876 Oopi
465 865 471 875 ¹

93 881 203 941 CIN.
236 882 357 941 Utinam
378 883 541 941 subsultans
561 882 673 943 marino
685 900 840 945 cursuum
860 900 925 942 cunr
946 891 1098 947 scutorum
1118 884 1170 945 fla·

57 962 143 1020 tibus
159 966 350 1021 incedam-

99 1042 257 1103 PISTH.
279 1044 383 1102 Hercle
392 1045 524 1117 equidem
538 1048 604 1102 tuos
617 1045 698 1103 flatus
710 1052 741 1103 et
753 1044 870 1118 spiritns
883 1063 1070 1121 compescam.

100 1123 205 1183 CIN.
235 1125 326 1183 Nunc
338 1128 454 1183 australi
467 1128 515 1183 via
528 1144 658 1200 pergens,
671 1145 750 1183 nuuc
764 1134 858 1184 autem
883 1134 984 1185 eontra
996 1128 1032 1184 ud
1047 1127 1170 1188 Boream

61 1209 338 1280 appropinquans,
352 1208 557 1281 importuosum
572 1208 804 1265 retberissnlcnm
817 1225 922 1265 secana
963 1206 1083 1287 Lepide,
1095 1207 1114 1268 d
1126 1227 1171 1269 se·

61 1305 134 1354 nex,
147 1294 185 1343 et
200 1290 281 1344 scite
291 1288 458 1362 excogitasti
473 1293 641 1346 commenta.

104 1365 258 1438 PISTH.
278 1366 387 1426 Nonne
398 1371 483 1425 etiarn
497 1376 527 1426 tu
537 1369 653 1441 gendes,
667 1368 731 1424 dum
747 1368 846 1442 pennis
859 1367 996 1443 agitaris?

106 1445 204 1506 CIN.
233 1446 365 1506 Hoccine
379 1457 410 1505 tu
425 1450 493 1506 lacis
506 1454 601 1521 poetas
614 1449 835 1526 dithyrambico,
849 1466 933 1522 quem
958 1446 1063 1506 Tribus
1078 1452 1171 1509 certa.

64 1526 117 1583 tim
133 1529 199 1583 sibi
214 1547 328 1600 semper
341 1548 438 1586 omues
450 1526 609 1601 expetunt?

108 1606 255 1665 PIS‘I'H.
278 1607 347 1666 Viu’
361 1628 430 1683 ergo
443 1611 528 1667 etiam
551 1609 627 1683 apud
647 1627 699 1666 nos
718 1626 864 1667 remanens
882 1605 1169 1683 Leotropbidaeeum-

68 1694 113 1743 tus
138 1690 351 1764 suppeditauti
370 1708 387 1747 e
407 1688 552 1763 Cecropia
582 1690 661 1746 tribu
694 1690 813 1748 chorum
837 1690 942 1752 docere
965 1692 1113 1749 volentum
1137 1707 1170 1748 e.

70 1768 181 1825 sirum?

112 1847 212 1908 CIN.
238 1846 381 1907 Ludificas
394 1868 439 1907 me
453 1851 623 1924 planissime.
664 1849 718 1908 Sed
733 1850 761 1907 id
775 1850 845 1908 scias
859 1852 953 1926 velim,
966 1868 1011 1908 me
1024 1868 1083 1908 non
1102 1868 1171 1909 con·

72 1932 265 2001 quieturum,
277 1950 370 2003 usque
382 1931 447 1987 dnm
457 1931 580 1988 volneris
592 1931 686 1987 iaetus
698 1936 790 1987 aerem
805 1948 978 2004 percurram.

115 2009 212 2068 SYC.
234 2010 369 2079 Quisnam
384 2012 427 2067 bae
450 2018 517 2068 suut
538 2029 615 2084 uses,
628 2011 698 2068 nihil
719 2013 866 2086 babentes,
890 2012 1087 2085 versicolores,
1112 2012 1170 2070 ales

76 2092 217 2160 pandens
230 2093 250 2149 ὃ
265 2092 343 2166 picta
356 2092 500 2149 hirundo?

118 2168 260 2229 Pls'rflc
282 2172 394 2229 Malum
407 2174 497 2230 bucce
510 2173 586 2229 hand
599 2172 661 2229 lere
672 2171 827 2231 excitatum
841 2176 891 2229 est.
935 2169 1011 2230 Ecce
1031 2170 1105 2228 alius
1117 2170 1171 2231 ite-

78 2267 144 2305 rum
160 2253 225 2309 huc
238 2254 386 2311 cantillans
399 2254 518 2310 accedit.

119 2330 217 2390 SYC.
242 2332 269 2389 0
283 2352 348 2405 quae
362 2334 421 2391 alas
433 2334 561 2407 explicas
574 2332 731 2390 versicolor
745 2333 844 2391 iterum
857 2334 1014 2406 iterumque
1027 2332 1160 2391 hirundo.

123 2409 263 2473 PISTH.
283 2412 320 2470 ln
334 2422 437 2471 restem
450 2433 528 2472 susm
538 2414 670 2486 hocmihi
681 2416 792 2471 scolicu
805 2421 921 2472 cautere
932 2415 1066 2487 videtum
1080 2432 1170 2490 appa-

81 2497 190 2564 retque
205 2511 269 2551 eum
281 2512 339 2551 uon
354 2497 450 2567 paucis
462 2496 660 2553 hirundinibus
674 2511 767 2567 egere.

123 2572 215 2633 SYC.
238 2573 310 2642 Quis
320 2576 369 2632 ille
381 2583 434 2647 est,
445 2576 495 2647 qui
504 2578 557 2634 alis
569 2574 686 2631 instruit
697 2574 755 2629 huc
768 2574 946 2633 advenientes
958 2572 970 2629 i

124 2652 262 2713 PISTH.
285 2654 352 2729 Ipse
363 2656 411 2712 bic
423 2657 518 2713 adest:
543 2657 593 2713 sed
606 2672 665 2727 quc
679 2653 730 2709 tibi
746 2671 819 2726 opus
834 2655 880 2725 sit,
895 2654 1044 2713 dicendum
1057 2660 1111 2733 est,

125 2735 220 2793 SYC.
241 2737 314 2803 Alis,
328 2737 380 2793 alis
394 2754 467 2809 opus
480 2742 542 2795 est:
566 2754 602 2792 ne
613 2738 713 2791 iterum
727 2740 905 2805 percontere.

126 2812 258 2875 PISTH.
280 2816 311 2875 N
314 2836 359 2874 um
372 2823 450 2873 recta
462 2814 603 2875 Pellenem
613 2816 712 2872 volare
724 2812 852 2887 cogitas?

126 2894 217 2955 SYC.
239 2896 448 2971 Nequaquam:
470 2897 520 2955 sed
534 2897 639 2955 citatos
652 2914 714 2953 snm
728 2894 884 2970 insulanus,
897 2898 929 2953 et
938 2894 1159 2971 sycophanta·-

130 2974 264 3035 PlsTll.
286 2977 314 3035 Ο
328 2986 357 3036 te
365 2980 433 3035 artis
445 2977 576 3035 felicem!

128 3055 226 3115 SYC.,
242 3056 382 3116 bellttum
396 3058 589 3133 investigator.
631 3054 757 3114 Proinde
779 3056 847 3114 solo
870 3054 970 3113 sumtis
992 3055 1044 3115 alis
1064 3058 1174 3133 pernici

92 3138 193 3194 solutu
210 3138 331 3196 circuire
344 3140 429 3196 urbes
442 3156 549 3209 omnes,
563 3155 627 3195 reos
641 3137 750 3209 ubique
763 3136 861 3194 citans.

133 3215 265 3275 PISTH.
289 3221 331 3276 At
344 3238 412 3276 vero
425 3222 550 3278 volando
563 3219 611 3291 qui
625 3219 753 3276 callidius
767 3234 832 3274 reos
845 3217 932 3275 citare
943 3215 1052 3292 possis?
1078 3226 1081 3233 '

133 3296 219 3355 SYC.
240 3297 271 3355 N
273 3318 311 3357 on
324 3302 395 3357 istuc
407 3302 520 3375 quidem
533 3300 647 3369 hercle3
669 3300 718 3357 sed
740 3304 772 3355 ut
786 3316 822 3355 ue
835 3300 983 3371 predones
1005 3298 1073 3356 mibi
1086 3316 1175 3375 nego·

96 3374 167 3433 tiem
190 3380 342 3449 facessant,
355 3400 418 3438 eum
439 3383 556 3456 gruibus
578 3381 658 3437 illinc
679 3384 806 3437 reverter
827 3397 936 3452 rursus,
959 3378 1082 3436 saburrae
1106 3382 1174 3439 loeo

97 3459 343 3530 multis'deglutitis
355 3461 463 3519 litibus.

137 3537 263 3598 PlSTH.
284 3541 440 3599 Enimvero
453 3544 499 3600 dic
508 3542 587 3615 mibi,
596 3540 703 3598 illudne
715 3538 811 3615 operis
826 3538 911 3599 obis?
933 3536 954 3597 J
956 3535 1053 3603 ursule
1064 3538 1114 3613 qui
1124 3536 1174 3615 sis,

98 3634 133 3674 an
147 3623 313 3695 peregrinos
327 3622 431 3696 injuste
443 3640 508 3680 reos
520 3621 601 3696 agis?

136 3700 223 3758 SYC.
245 3700 323 3769 Quid
336 3705 411 3759 enim
424 3703 527 3775 agam?
551 3720 613 3759 uam
627 3700 726 3759 sedere
739 3699 845 3765 nescio.

138 3779 265 3840 PISTH.
281 3782 334 3841 Sed
342 3785 397 3841 alia
409 3785 508 3855 ntique
520 3784 635 3856 negotia
646 3782 845 3853 snuthcneste,
857 3778 933 3839 uude
944 3779 1048 3838 victum
1061 3776 1114 3835 sibi
1124 3794 1175 3853 pa-

100 3875 162 3917 rare
175 3863 316 3927 bominem
330 3863 385 3923 boc
398 3865 488 3923 atatis
500 3865 629 3937 decebat,
646 3862 726 3938 justo
746 3864 841 3937 petius
863 3861 961 3936 mcdc,
974 3874 1059 3934 quem
1081 3859 1176 3923 litibus

103 3944 279 4005 consuendis.

137 4020 221 4081 SYC.
242 4016 271 4080 0'
283 4025 369 4097 bone,
385 4043 421 4081 ne
433 4042 478 4082 me
489 4023 650 4098 praeceptis,
665 4022 714 4079 scd
727 4022 778 4079 elis
791 4022 923 4079 instruas.

140 4101 267 4165 PiSTH.
289 4102 375 4159 Nunc
387 4124 471 4177 quum
486 4106 548 4161 haec
561 4105 639 4177 dico,
652 4104 710 4159 elas
724 4104 798 4159 eddo
812 4102 874 4159 tibi.

140 4180 224 4242 SYC.
247 4183 285 4243 Et
297 4187 487 4259 quomodetu
501 4186 595 4248 verbis
607 4184 748 4245 hominen
759 4184 867 4247 uictum
879 4176 1118 4243 concinnaverit?
