2875 4984
505 347 725 419 PLUTUS.
1127 359 1170 418 97

119 507 234 574 nm.
254 507 342 572 Heni
359 525 445 588 quem
457 509 660 574 nihilomnino
675 515 738 574 soni
751 519 795 575 est
816 513 893 592 apud
908 513 1094 592 quemquem!
1114 531 1165 582 re·

71 611 143 654 runs
158 613 256 652 omues
270 595 307 651 sd
321 611 410 652 nuum
421 593 547 652 serviunt
559 595 652 653 lucro.

119 672 281 733 CHREM.
303 672 358 733 Per
371 671 505 733 Cererem
519 674 595 732 haud
607 693 676 734 sana
689 681 784 734 mente
796 677 864 736 uini
877 695 938 735 mse
950 677 1066 738 rideris.

114 753 235 814 BLEP.
255 755 350 824 Quam
363 757 485 816 nultum
499 756 614 814 recusit
626 774 643 814 a
657 757 784 830 pristinis
797 757 944 818 moribus!

116 833 174 894 CH
180 833 280 894 REM.
303 835 350 894 Mi
362 836 461 910 homo,
477 843 505 895 te
519 844 597 896 certe
609 845 670 898 stra
685 838 749 896 bitis
761 842 861 914 agitat

115 913 234 974 BLEP.
256 919 300 976 At
319 934 414 990 neque
426 918 509 976 ruitu
523 925 568 976 est
587 921 656 978 setis
673 922 836 996 composito
847 918 988 994 ctqoieto
998 937 1010 993 3
1029 918 1080 978 sed
1097 920 1169 982 stis

71 995 185 1055 iudicio
198 1004 242 1055 est
254 1016 318 1056 enm
331 998 440 1070 aliquid
452 1001 519 1057 mali
532 1007 721 1076 perpetrasse.

114 1076 276 1136 CHREM.
298 1078 345 1137 Tu
354 1077 468 1153 quidem
477 1081 545 1153 quid
554 1082 686 1156 bistones,
696 1080 787 1140 noris
801 1097 915 1159 nempe,
927 1079 1009 1155 qnasi
1017 1098 1072 1158 ego
1081 1081 1165 1158 quid·

74 1157 154 1234 piam
168 1159 285 1218 furatus
299 1157 415 1234 inerim,
428 1165 507 1235 cupis
522 1164 666 1238 particeps
680 1163 750 1222 fieri.

116 1237 237 1298 BLEP.
260 1239 408 1317 Partioeps
422 1241 484 1300 fieri
497 1242 606 1319 cupio?
628 1239 798 1320 cujusnam?

117 1318 281 1379 CHREM.
305 1321 345 1379 At
358 1341 417 1382 uon
430 1323 471 1382 ita
484 1341 514 1384 se
526 1341 572 1383 res
583 1325 646 1384 trec
659 1325 767 1385 habete
788 1323 837 1382 sed
851 1323 935 1384 etiter
946 1324 1044 1402 ionge-

115 1399 233 1460 BLEP.
258 1399 336 1460 Num
351 1404 379 1462 ri
391 1404 509 1480 aliquid,
523 1423 585 1465 non
595 1405 689 1481 furio,
703 1403 869 1466 abstulisti?

115 1480 276 1548 cflRnM.
301 1481 401 1544 Lsrrae
416 1491 445 1544 te
458 1503 492 1544 ae
504 1486 680 1562 intemperie
691 1489 812 1562 minut

115 1561 234 1622 BLEP.
256 1565 381 1624 Asuero
394 1583 448 1624 nec
461 1569 592 1642 cuiqnam
606 1567 738 1628 &mnam
750 1563 863 1626 iecisti?
896 1621 898 1625 .

115 1641 280 1703 CHREM.
303 1641 374 1708 Non
386 1653 465 1706 certe
476 1666 542 1724 ego.

116 1723 233 1784 BLEP.
254 1724 283 1782 0
307 1724 467 1788 Hercules!
500 1747 565 1806 nge,
580 1745 704 1803 qnonsm
726 1726 815 1804 igitur
826 1725 891 1808 quis
911 1741 942 1787 se
962 1727 1079 1787 retiati
1098 1741 1166 1789 m

78 1821 182 1864 rernm
196 1825 255 1865 non
269 1807 310 1864 ris
324 1806 420 1868 fateri.

117 1884 280 1947 CHREM.
302 1887 428 1954 Accusas
438 1889 525 1962 enim,
539 1890 620 1965 prins
632 1907 718 1966 quam
732 1905 792 1948 resn
805 1887 983 1964 cognoveris.

117 1966 232 2028 BLEP.
254 1968 283 2028 0
296 1972 398 2040 amice,
414 1972 469 2028 hoc
482 1972 535 2028 tibi
548 1973 696 2048 negotium
708 1970 815 2046 exigno
828 1971 982 2038 weduna
991 1973 1087 2034 sumtu
1096 1967 1169 2035 roto

75 2051 225 2126 expedire,
231 2051 391 2125 priusquam
396 2051 513 2108 audiant
523 2052 577 2108 ista
589 2051 675 2124 eires,
685 2068 717 2109 os
730 2056 881 2108 oratorum
891 2051 1167 2111 nummissbtnraus.

118 2129 278 2190 CHREM.
301 2131 339 2191 Et
351 2133 465 2205 quidem
484 2131 591 2207 hercle,
605 2138 639 2191 nt
650 2131 719 2190 mihi
736 2129 851 2207 rideris,
866 2129 961 2198 tribus
972 2130 1047 2189 irene
1063 2131 1095 2202 in
1107 2145 1169 2190 rem

77 2211 214 2288 impensis
227 2214 320 2284 minis,
335 2212 514 2272 familiariter
528 2212 596 2272 nihi
608 2213 759 2272 duodecim
773 2209 940 2286 imputem.
957 2239 960 2242 ·

119 2290 236 2352 BLEP.
259 2291 352 2354 Video
374 2292 577 2354 nonnemiuem
598 2295 646 2368 qui
667 2292 842 2352 adtribuunt
860 2293 1027 2367 sedebit,et
1045 2291 1169 2368 supplex

79 2375 166 2433 olivae
180 2391 290 2432 ramum
304 2376 468 2450 protendet,
480 2392 544 2432 cum
558 2369 654 2434 liberis
667 2380 697 2434 et
706 2391 819 2447 uxore3
840 2375 891 2449 qui
904 2391 1021 2452 prorsus
1032 2389 1094 2432 uon
1110 2370 1169 2430 dit.

78 2453 753 2611 ‘ergtiltliliiqtimnpldgffeidtcsiigisifflffsssidlos
772 2535 847 2599 enin
860 2536 983 2614 probos,
995 2540 1026 2596 et
1044 2531 1169 2614 tepidae,

80 2622 109 2678 et
121 2619 268 2676 modestos
281 2635 351 2675 nnox
363 2618 463 2676 diuites
477 2619 600 2678 reddam.

120 2695 237 2756 BLEP.
259 2695 335 2767 Quid
348 2696 410 2757 snt
432 2698 543 2757 adeone
555 2694 768 2756 mnitsinrntm
779 2695 833 2757 esi

121 2777 284 2838 CHREM.
309 2777 392 2839 Vah!
415 2787 445 2837 tu
458 2781 518 2839 istis
530 2779 784 2840 commemorandis
796 2777 877 2837 matis
887 2794 933 2838 me
945 2773 1061 2854 perdes.

120 2857 239 2918 BLEP.
260 2858 305 2920 Tu
319 2860 430 2934 quidem
445 2868 473 2919 te
486 2864 589 2936 ipsum,
602 2867 635 2919 ut
647 2858 716 2917 mihi
725 2859 839 2918 rideris.
965 2907 970 2929 ,

120 2937 280 3000 CHREM.
301 2939 332 3000 N
334 2959 372 2998 on
385 2942 515 3017 equidem
528 2961 537 3013 ;
559 2940 696 3015 quoniam
707 2939 840 3018 Pictum,
853 2938 875 3013 ‚d
887 2939 988 3018 nuru,
1003 2935 1108 3008 hbeo.

123 3019 239 3088 BLEP.
261 3020 306 3080 Tu
321 3019 462 3081 Plutum?
483 3020 667 3099 Quemnam?
1176 3071 1179 3076 -

122 3100 284 3161 CHREM.
306 3101 405 3176 Ipsum
419 3105 512 3162 deum.

126 3180 241 3242 BLEP.
266 3181 302 3242 Et
317 3186 433 3244 ubinam
445 3187 504 3250 eat?

123 3261 282 3324 CHREM.
305 3262 399 3334 latas.

121 3341 238 3404 BLEP.
263 3343 345 3404 Ubii

122 3423 284 3485 enituit.
306 3424 462 3500 Apudme.

123 3504 242 3566 BLEP.
265 3507 354 3581 Apud
369 3505 418 3565 tei

124 3585 287 3648 CHREM.
309 3585 449 3647 Omnino.

124 3667 241 3730 BLEP.
263 3667 371 3728 Nonne
381 3669 411 3726 in
421 3667 524 3726 malem
537 3683 597 3726 rem
609 3662 726 3727 abibis?
744 3660 850 3725 Plutus
861 3661 940 3742 apud
948 3660 1006 3728 tet

125 3747 287 3814 CHREM.
309 3746 495 3822 lteinquatn,
510 3767 562 3826 per
573 3749 642 3810 deos
656 3746 772 3825 adjuro.

126 3827 242 3891 Beer.
266 3827 486 3900 Veranedieisi

127 3910 286 3972 enituit.
307 3911 376 3972 Aio.

126 3991 246 4054 BLEP.
269 3990 324 4053 Per
338 3991 457 4054 Vestam
471 3991 604 4052 obsecro.

126 4071 286 4135 efluunt.
307 4073 414 4134 Testor
427 4071 609 4149 Neptunum.

129 4152 248 4214 BLEP.
270 4153 454 4216 Mariuamne
466 4151 559 4214 dicis?

132 4233 305 4296 CHREM:
316 4236 347 4296 Si
358 4238 431 4296 alius
443 4243 487 4298 est
496 4233 635 4312 quispiam
647 4227 814 4308 Neptunus,
826 4226 915 4286 elium
927 4223 1013 4285 erun
1024 4222 1116 4290 itin.

131 4313 247 4388 BLEP.
268 4314 353 4382 Itane
365 4319 403 4380 ad
414 4333 469 4380 nos
480 4315 587 4380 amicos
599 4321 664 4374 tuos
675 4330 738 4374 nou
750 4305 924 4380 demitte·
935 4306 1021 4370 ΜΡ

30 4430 33 4441 ¹
174 4414 249 4462 ὀὖν
269 4414 313 4461 Π·
635 4410 658 4452 ο
