2875 4984
508 369 686 435 NUBES.
746 411 751 421 ·
1091 379 1151 438 m
1201 382 1203 385 ’

56 540 117 615 sui,
131 537 153 597 si
165 534 291 599 omnino
303 493 527 592 deenmbeudum
541 535 595 609 est,
608 533 689 594 humi
702 534 800 594 eedem
813 533 868 593 ists
879 532 954 594 sisss
967 551 1014 594 me
1029 537 1147 614 excogi-

57 629 178 759 ΐῐιὶ8300.
199 695 286 756 Fieri
299 696 382 754 aliter
394 695 502 770 nequit.

96 777 252 839 STREPS.
277 777 385 836 Infelix
398 795 465 852 ego,
480 791 551 850 quss
563 775 649 835 hodie
661 793 762 850 poenss
774 777 1020 839 christinam!

94 861 180 922 800.
203 859 354 918 Meditare
367 857 429 936 jem
441 863 472 916 et
483 857 609 932 dispicet
632 859 662 918 in
677 877 775 918 omnes
796 868 892 934 portes
904 866 933 918 te
945 861 1038 935 ipsum
1051 881 1144 940 verse,
1242 916 1245 924 .

60 948 243 1002 mentemete
267 941 440 1014 constipato.
482 936 633 1011 Celeriter,
647 957 736 1012 quum
758 941 788 997 in
810 943 931 1016 ntiquom
952 943 1146 1003 difficultatem

60 1023 198 1098 incideris,
213 1023 253 1079 ed
267 1020 346 1079 alind
361 1025 553 1078 commentum
569 1020 696 1079 transilit
718 1039 834 1080 somnus
844 1028 940 1082 sutem
958 1023 1051 1084 duleis
1071 1029 1147 1085 absit

60 1108 93 1163 nb
104 1105 206 1163 oeulis.

96 1181 250 1244 sTRnPS.
277 1177 408 1255 inmte,
426 1178 555 1239 tanate!

95 1263 179 1326 800.
199 1263 285 1334 Quid
299 1261 352 1322 tibi
365 1261 488 1321 recidit?
510 1262 579 1337 quid
593 1263 665 1322 meio
677 1258 833 1324 teimbet?

97 1345 250 1406 STREPS.
274 1343 367 1404 Pereo
376 1342 481 1402 misere
508 1363 525 1401 e
538 1345 680 1420 grabbato
694 1351 881 1419 prorepentes
894 1345 1027 1404 mordent
1039 1365 1085 1404 me
1107 1350 1147 1406 oi·

63 1429 150 1505 mices,
164 1426 282 1487 etmihi
295 1427 370 1484 istus
382 1425 532 1500 dilaniant,
546 1433 576 1482 ot
587 1427 708 1484 animem
723 1427 852 1503 ebibunt,
865 1436 896 1486 et
908 1429 1054 1489 testiculos
1070 1431 1147 1489 esel-
1272 1446 1277 1456 ·

64 1513 129 1584 lunt,
144 1510 284 1568 eternium
299 1505 477 1583 perfodiunt,
490 1512 522 1563 et-
532 1523 577 1565 me
590 1508 726 1584 perdunt.

97 1589 178 1652 800.
201 1589 253 1648 Ne
265 1605 343 1646 nunc
357 1586 441 1645 nimis
452 1587 575 1663 graviter
587 1587 694 1646 dolens.

99 1667 253 1733 STREPS.
278 1667 320 1728 At
330 1667 494 1743 quomodo?
515 1667 611 1736 Quum
625 1669 692 1726 mitri
706 1669 844 1742 perierint
866 1687 946 1744 opes,
961 1669 1079 1745 perierit
1096 1689 1147 1729 eo·

64 1751 116 1826 ior,
128 1753 249 1827 perierit
261 1753 366 1824 enimn,
380 1751 498 1824 perierit
515 1751 636 1820 cnicous,
649 1756 682 1808 et
700 1753 739 1808 nd
752 1752 815 1809 hee
834 1753 909 1809 meis
920 1755 1006 1809 etism
1028 1753 1148 1830 pervigii

66 1841 175 1892 centens
189 1833 400 1911 propemodum
415 1832 492 1906 ipsus
506 1832 647 1907 perierim.
697 1857 705 1896 ς

100 1913 181 1974 800.
203 1914 286 1974 Heus
300 1922 344 1988 tu,
358 1912 426 1990 quid
441 1913 523 1988 ogisi
545 1911 751 1971 mediterisns?

100 1993 249 2055 STREPS.
273 1991 392 2071 Egone?
414 1995 545 2066 meditor,
560 1994 600 2051 itu
617 2011 663 2052 me
678 1992 834 2068 Neptunus
847 2000 932 2052 emet.

102 2075 183 2136 800.
205 2077 287 2148 Quid
300 2095 371 2152 ergo
383 2076 535 2134 meditatus
547 2093 576 2133 es
589 2072 601 2129 i

100 2156 249 2218 STREPS.
273 2158 321 2215 An
336 2159 446 2215 cimices
459 2155 566 2230 aliquid
580 2155 616 2212 de
628 2171 674 2214 me
687 2154 745 2212 sint
757 2154 897 2214 relicturi.

104 2237 186 2296 800.
207 2238 319 2298 Peribis
332 2238 458 2313 pessime.

104 2317 253 2381 STREPS.
276 2319 341 2392 Sed,
355 2318 373 2378 n
387 2321 474 2394 bone,
486 2318 546 2394 jam
560 2317 642 2392 perii.

104 2394 184 2459 800.
205 2397 254 2460 No
267 2401 392 2459 moiiiter
404 2418 482 2476 ugus,
497 2401 546 2459 sed
560 2405 647 2472 ceput
660 2399 753 2471 operi.
797 2395 1004 2456 inveniendum
1017 2395 1092 2456 enim
1104 2405 1148 2458 ost

70 2489 249 2546 commentum
263 2482 520 2558 deimudstorium,
535 2488 565 2539 et
574 2481 672 2554 alique
683 2479 792 2554 nuptio.

107 2561 254 2622 STREPS.
278 2562 344 2621 Heu
358 2563 366 2624 i
384 2564 448 2636 quis
461 2563 556 2637 itaque
568 2562 597 2620 in
610 2559 802 2635 msinjioisto
814 2561 935 2635 pellibus‘
946 2561 1057 2638 agninis
1070 2578 1148 2619 eom·

69 2649 186 2702 mentum
199 2641 391 2721 privativum?

108 2721 188 2785 800.
209 2727 354 2802 Agedum,
368 2725 477 2784 videam
492 2725 586 2799 primo
602 2722 672 2797 quid
685 2728 751 2797 agat
765 2721 829 2778 iste.
872 2717 936 2778 ilino
947 2727 990 2798 tn,
1004 2720 1137 2783 dormis?

108 2803 256 2866 STREPS.
281 2805 350 2864 Non
365 2805 611 2881 equidem'hercie.

106 2885 185 2945 SOC.
206 2887 338 2948 Habesne
351 2887 476 2962 aliquid?

104 2963 255 3028 STREP&
278 2965 390 3044 Edepol
402 2967 474 3026 nihil
485 2983 551 3046 ego.

105 3047 186 3106 800.
207 3049 289 3109 Nihil
303 3049 444 3124 prorsus?

107 3127 253 3189 STREPS.
276 3129 371 3211 Nihil,
383 3129 439 3192 nisi
453 3147 553 3206 penem
566 3129 653 3202 huno,
666 3145 749 3202 quem
765 3130 851 3183 teneo
863 3125 974 3184 dextro.

108 3207 186 3268 800.
207 3211 316 3270 Nonne
331 3219 361 3271 te
374 3211 542 3288 cooperiens
552 3211 632 3268 ocius
644 3208 754 3282 aliquid
767 3208 948 3265 meditaberis
959 3206 972 3263 i

110 3287 258 3353 snnnPS.
275 3292 387 3363 Quane
401 3295 452 3353 re?
474 3292 530 3350 hoc
545 3293 632 3365 enim,
646 3307 756 3365 queso.
769 3289 817 3346 die
830 3288 1067 3364 antunnacum.

106 3369 189 3432 800.
212 3373 338 3448 ipsemet
349 3377 426 3451 quod
439 3373 562 3450 primum
576 3371 702 3440 invenire
715 3372 767 3442 sis,
779 3369 925 3444 eloquere.

107 3448 260 3515 STRE‘PS.
284 3453 353 3515 Pius
366 3457 466 3516 millies
475 3455 621 3528 sudisisti,
635 3453 704 3529 qnid
726 3469 781 3527 ogo
793 3454 899 3510 setim:
927 3452 965 3510 de
987 3452 1089 3523 usuris,
1104 3455 1149 3512 in.

75 3536 286 3604 quemneillns
298 3537 405 3596 solvam
419 3539 562 3610 cuiquem.
764 3543 769 3555 ’

110 3611 187 3676 SOC.
207 3617 337 3694 Agedum
350 3620 499 3695 cooperies
512 3625 552 3690 te,
567 3621 597 3674 et
610 3615 712 3674 cohibe
723 3614 801 3690 spud
815 3618 844 3670 te
862 3610 1066 3690 cogitationem
1079 3617 1149 3675 snb.

77 3691 162 3754 tien:
183 3699 342 3758 minntntim
357 3700 505 3759 oonsidere
518 3703 674 3774 rem,reete
684 3695 810 3755 dividens
822 3711 883 3752 orm
896 3699 927 3752 et
940 3697 1147 3769 contemptum.

114 3773 260 3839 snnssns.
282 3774 338 3839 Hei
352 3780 456 3840 miser!
637 3809 639 3812 ·
1136 3804 1140 3813 ·

112 3853 190 3918 800.
210 3859 344 3931 Quiesoe
356 3864 421 3921 etsi
435 3861 512 3919 inite
524 3857 695 3918 hesitaveris
711 3858 741 3914 in
761 3858 860 3928 atiquo
879 3860 1050 3927 commento,
1062 3858 1149 3916 omit.

79 3939 104 3990 te
114 3945 140 3994 et
151 3942 187 3996 ab
200 3960 236 4000 eo
248 3943 378 4002 discede:
399 3943 502 4002 deinde
513 3940 715 4016 cogitationen
729 3956 827 3997 rursus
842 3937 1150 4014 muneremunere

79 4013 143 4074 idem
157 4021 226 4080 iilud
241 4025 360 4097 pensito.

113 4097 260 4163 snnnPs.
290 4103 318 4162 0
332 4104 491 4163 Socratisce
505 4101 664 4162 carissime!
721 4094 725 4097 ’
883 4074 897 4149 s

114 4177 190 4242 SOC.
211 4183 288 4252 Quid
301 4192 356 4260 est,
370 4186 409 4243 mi
422 4185 531 4244 sonex?

113 4259 263 4324 sTnnPS.
284 4264 385 4326 Habeo
398 4271 588 4326 commentum
600 4263 637 4322 sd
647 4259 822 4322 {authadus
834 4276 944 4333 usum.

115 4339 194 4404 SOC.
215 4344 275 4406 Fac
288 4347 359 4407 iilud
372 4348 476 4430 palem.
