2875 4984
276 356 339 419 ιιι
426 438 429 445 Ι
624 343 1024 408 armunensem

275 510 481 587 celerianum
493 512 599 569 stantes
611 510 647 567 de
656 508 740 583 apuis
748 512 1014 570 tumultuabaatnrt
1028 508 1152 569 illeveto
1160 508 1297 586 supplex
1305 526 1375 570 οιι-

275 600 338 671 bat,
353 603 386 652 ut
397 592 543 668 paulisper
556 596 765 665 exspectarent,
784 592 866 664 dam,
884 592 1038 664 inquiebat,
1050 608 1098 661 eu,
1109 610 1172 667 qua
1184 592 1375 650 caduceator

276 676 486 737 Lacedaemone
498 676 618 729 veniens
628 672 764 729 dicturas
776 678 832 747 est,
846 673 1044 744 audiveram
1056 672 1140 729 adeat
1150 675 1230 729 euim
1244 672 1283 729 rie
1293 691 1375 747 paee
1417 714 1418 740 ι

274 758 409 825 ineundo
423 756 515 811 uerbo
521 755 674 827 facturus.
715 754 760 809 At
773 752 815 809 illi
829 771 889 810 uuo
901 770 998 811 omnes
1008 769 1060 809 ore
1069 754 1252 811 clamarunt·
1274 749 1375 810 Naue
1417 743 1418 764 ¹

274 858 349 903 veru
362 830 507 911 depone?
522 841 688 911 postquam,
704 830 722 889 ὂ
739 834 839 906 satae,
853 839 1005 891 senserunt
1020 850 1114 909 opaus
1126 834 1207 910 opud
1218 851 1278 889 uos
1293 833 1374 891 viles
1417 891 1418 896 .

278 917 371 980 esse?
392 935 450 973 uon
465 932 539 990 opus
554 919 598 970 est
610 916 695 970 uobis
704 932 805 991 poce,·
825 914 877 970 sed
887 920 990 990 serpat
1012 913 1130 971 bellum
1170 912 1295 969 Etcum
1310 915 1374 971 cla-

274 1018 356 1059 more
367 995 512 1071 jusserunt
523 990 663 1070 Prytanes
676 992 811 1051 Senatum
823 993 974 1051 dimittere.
1016 992 1128 1051 Deinde
1138 995 1217 1051 omui
1226 1012 1269 1051 ox
1282 985 1418 1067 parte

273 1080 416 1141 cancellos
430 1075 633 1133 transilierunt.
673 1072 737 1151 Ego
750 1092 819 1132 reru
833 1075 903 1131 clam
918 1073 1057 1133 cursitans
1071 1074 1161 1133 enimi
1175 1076 1371 1132 coriandrum
1417 1081 1418 1110 ³

274 1180 360 1221 omne
373 1164 404 1217 et
418 1173 546 1230 porrum,
560 1160 696 1250 quantum
713 1155 797 1213 erat
788 1173 819 1211 ιιι
832 1154 917 1212 foros
949 1156 1051 1214 deiude
1062 1156 1098 1211 ad
1111 1173 1198 1229 apuaa
1222 1155 1368 1213 condien-

273 1244 324 1301 das
339 1237 550 1313 indigentibus'
542 1239 609 1310 ipsis
622 1234 671 1292 illa
683 1235 768 1307 dedi,
773 1241 802 1293 et
813 1237 910 1309 gratiis
922 1236 1041 1311 largitus
1055 1254 1127 1293 sum.
1169 1234 1219 1292 llli
1232 1254 1308 1293 vero
1320 1254 1372 1293 su·

273 1341 336 1400 pra
341 1317 455 1379 modum
471 1316 634 1389 laudabant,
648 1316 753 1373 etmihi
767 1317 986 1374 blandiebantur
997 1335 1106 1387 omnes,
1115 1318 1189 1373 adeo
1200 1324 1247 1390 ut,
1258 1315 1370 1375 Senatu
1417 1367 1418 1370 ,

274 1406 407 1461 universo
421 1400 457 1455 ad
478 1414 553 1455 ιιιιιι
566 1406 660 1473 partes
678 1398 813 1473 adducto,
826 1396 926 1473 ιιιιίιιι,
940 1398 980 1456 ub
1002 1397 1083 1456 nnius
1106 1397 1186 1455 oboli
1208 1397 1369 1455 cormndra

272 1482 381 1543 uiritim
394 1479 472 1537 date.
1258 1498 1299 1549 a,
1411 1508 1418 1529 .

317 1558 441 1623 CHOR.
463 1557 511 1617 Ita
521 1576 640 1633 prorsus
652 1576 711 1615 rem
725 1556 845 1631 gessisti,
857 1558 901 1615 nti
915 1556 1092 1615 fortunatum
1102 1556 1366 1635 decethominem:
1417 1563 1418 1594 ³

273 1645 385 1705 invenit
397 1646 491 1698 autem
507 1643 649 1697 veterator
662 1638 712 1697 ille
724 1639 811 1695 aliurn
827 1638 975 1712 praestigiis
988 1640 1079 1697 multu
1091 1639 1254 1713 majoribus
1277 1656 1364 1696 orna·

274 1734 349 1799 tum,
362 1729 393 1782 et
405 1722 560 1794 omnigenus
583 1721 668 1789 dolis,
683 1724 713 1775 et
725 1720 876 1775 verborum
897 1719 1046 1777 illeoebria.
1087 1719 1142 1778 Sed
1163 1720 1317 1794 meditare,
1332 1725 1365 1776 ut
1417 1735 1418 1772 ι

273 1822 360 1881 quam
374 1797 772 1875 optimeperficiasreliquam
783 1808 892 1872 partem
901 1799 1082 1859 aeruminis·
1102 1800 1254 1875 adjutores
1267 1807 1365 1859 antem
1416 1811 1419 1854 ι

273 1904 328 1943 nus
343 1891 370 1943 te
383 1882 488 1939 habere
500 1880 652 1937 beneroles
665 1881 719 1937 scis
731 1879 847 1937 dudum.

315 1963 366 2023 IS.
386 1954 441 2021 seu
462 1976 559 2020 eccum
579 1961 689 2017 accedit
710 1958 870 2034 Paphlago,
884 1960 990 2018 fluctus
1012 1964 1088 2018 vario
1111 1966 1217 2019 conatu
1241 1961 1360 2035 propel

271 2049 345 2115 lens,
359 2050 389 2103 et
403 2044 521 2101 turbans
534 2046 565 2099 et
576 2040 705 2116 macene,
721 2059 781 2098 nou
793 2058 873 2099 secus
884 2040 955 2099 acsi
969 2059 1016 2099 me
1028 2042 1170 2116 deglutire
1181 2043 1265 2101 velit.
1295 2040 1358 2102 vau

273 2122 490 2187 confidentiam!
633 2130 636 2136 “

315 2203 435 2265 CLEO.
456 2202 521 2261 Nisi
535 2209 564 2260 te
586 2201 756 2275 disperdam,
774 2200 798 2257 si
819 2201 888 2274 quid
908 2208 1035 2261 veterum
1057 2202 1126 2261 mibi
1145 2202 1356 2263 mendaciorum

278 2288 362 2357 inest,
378 2284 508 2343 omnibus
521 2284 656 2355 exemplis
668 2280 855 2339 intercidam!

313 2365 361 2426 IS.
382 2364 470 2423 Suara
483 2364 552 2420 mihi
564 2368 606 2419 est
619 2362 718 2419 audire
731 2368 794 2418 tuas
807 2363 895 2419 minas
907 2380 917 2433 3
939 2361 1021 2421 rideo
1029 2362 1123 2422 fumos
1133 2369 1191 2422 tua
1195 2362 1354 2437 jactantia,
1417 2397 1419 2422 ι

270 2448 384 2551 ιιιιίιο,
397 2444 561 2501 mothonem
574 2443 632 2499 alta
645 2458 716 2499 voce
730 2446 825 2498 cento.

282 2521 434 2583 CLEO.
456 2519 504 2645 I'ta
517 2540 562 2581 me
575 2520 660 2580 Ceres
672 2528 758 2596 amet,
772 2521 827 2580 nisi
840 2526 870 2581 te
880 2524 999 2582 exedum
1010 2543 1046 2583 ex
1059 2524 1113 2583 bac
1126 2528 1214 2599 terra,
1226 2542 1286 2583 nun
1298 2541 1350 2583 am·

272 2605 388 2682 plius
361 2622 473 2663 rivam.

314 2685 359 2745 IS.
382 2682 454 2744 Nisi
473 2680 666 2742 mecaenas?
694 2680 758 2758 Ego
777 2701 847 2743 reso
870 2701 995 2759 peream,
1010 2683 1065 2743 nisi
1086 2690 1115 2743 te
1133 2684 1258 2760 ebibam,
1272 2690 1351 2757 teque
1416 2691 1417 2778 ι

272 2762 602 2842 ιιιιοιριοιιίιιιιιιιριιιι
1416 2807 1417 2810 ,

270 2844 435 2987 ι(108110.
457 2843 626 2919 Disperdnm
640 2846 679 2919 te,
694 2861 748 2918 per
760 2842 879 2918 primam
899 2844 1084 2922 nodamine,
1098 2863 1183 2919 quam
1197 2846 1238 2902 ob
1250 2843 1351 2923 Pylum
1416 2841 1417 2932 l

309 2935 473 2987 etussum.
1416 2941 1417 2966 ι

314 2949 813 3081 18.Ειωιιιορηωαωιοὼωι
843 3003 916 3062 rab!
945 3011 980 3063 nt
991 3024 1045 3081 ego
1059 3011 1089 3065 te
1100 3004 1349 3080 rudeboexprrma
1414 2973 1418 3122 i

270 3090 321 3149 illa
332 3088 398 3146 sede
410 3086 447 3143 ad
462 3086 560 3144 ultima
573 3085 677 3142 theatri
690 3085 821 3142 subsellia
833 3086 1007 3161 relegatum!

312 3164 433 3225 cauo
454 3164 490 3224 In
505 3181 595 3222 norro
609 3172 638 3223 te
650 3166 856 3239 constringam,
870 3184 922 3240 per
934 3166 1070 3226 Coelum
1056 3186 1138 3243 Juro.

314 3244 359 3305 18.
380 3244 474 3315 Quam
487 3245 639 3304 iracundus
652 3244 701 3303 es!
723 3264 785 3320 age,
800 3247 868 3317 quid
881 3246 934 3305 tibi
943 3250 1005 3307 dem
1019 3248 1125 3307 edera?
1147 3250 1216 3322 quid
1229 3248 1279 3307 tibi
1289 3249 1345 3307 rel·

271 3330 313 3387 les
325 3325 473 3401 anteponi,
488 3325 567 3399 quod
578 3324 770 3383 lubentissime
783 3325 963 3386 comederes?
986 3346 1024 3386 an
1036 3331 1212 3388 cruminam?

312 3404 431 3467 CLEO.
453 3406 580 3465 Evellam
594 3406 646 3463 tibi
659 3406 800 3480 unguibus
812 3408 956 3467 intestina.

310 3488 359 3548 IS.
381 3488 537 3547 Praecidam
551 3487 615 3560 tibi,
628 3483 712 3560 qnasi
723 3506 841 3563 ungues,
855 3489 934 3547 cibos
946 3508 1016 3563 quos
1028 3507 1065 3549 ex
1077 3489 1225 3569 Prytaneo
1236 3488 1316 3566 capis.

309 3566 427 3628 CLEO.
449 3568 495 3626 aa
511 3568 650 3643 populum
664 3573 693 3625 te
706 3568 827 3642 traham,
844 3574 878 3626 ut
890 3569 959 3627 milri
972 3589 1070 3645 paenas
1083 3573 1143 3631 des.

308 3648 356 3708 Is.
378 3649 421 3707 At
433 3666 486 3725 ego
500 3655 529 3707 te
546 3647 665 3719 trabam,
679 3653 709 3705 et
722 3649 910 3721 complurium
924 3658 953 3709 te
964 3654 1113 3711 criminum
1127 3653 1277 3711 accusabo.

310 3727 430 3789 CLEO.
452 3729 506 3804 At,
523 3727 695 3803 dimprube,
713 3730 764 3786 tibi
776 3746 836 3785 uon
850 3731 961 3790 credit:
983 3750 1037 3809 ego
1059 3752 1128 3793 vero
1147 3734 1242 3809 ipsum
1253 3730 1339 3791 ludii·

269 3830 332 3889 sor,
346 3815 484 3884 quantum
497 3811 574 3866 volo.

309 3852 353 3950 18.
376 3890 470 3959 Quam
484 3879 565 3947 valde
579 3888 721 3947 existimas
733 3890 871 3963 populum
884 3897 962 3951 tuum
975 3893 1054 3952 esset

308 3968 429 4030 CLEO
450 3969 533 4028 Enim
547 3969 606 4027 seio
620 3969 723 4043 quibus
736 3970 849 4029 teroulis
863 3976 1001 4047 capiatur.

309 4049 356 4109 IS.
377 4050 431 4125 Ar,
453 4050 689 4124 quemadmodum
714 4052 840 4109 nutrices
866 4055 972 4129 solent,
996 4054 1149 4129 maligne'
1140 4072 1232 4128 rpsnrn
1257 4053 1335 4112 cibas.

267 4132 345 4195 Nam
358 4131 563 4210 premendam,
577 4128 746 4206 pauxillo
721 4128 791 4197 erin
805 4149 837 4190 os
849 4131 974 4213 indito,
965 4152 1027 4211 ipse
1039 4136 1129 4213 triplo
1141 4138 1205 4210 plus
1217 4134 1335 4212 deglutis.
