2875 4984
559 394 621 459 Pa
631 393 679 461 X.'
1105 407 1176 471 ω’

98 558 206 626 SEM.
230 558 355 634 Quando
374 562 471 623 cicada
489 564 588 623 artat
612 573 727 619 suarem
745 574 824 619 suam
839 558 1016 633 cantilenam,
1026 562 1113 621 lator
1120 562 1169 622 di.

51 649 199 721 spiciens
216 646 346 705 Lemnias
364 647 447 720 sites,
462 661 499 701 au
517 644 578 718 jam
591 647 803 701 maturescant:
824 658 890 699 uam
908 642 1035 701 {ructum
1056 662 1169 717 praeco.

53 744 121 786 cem
140 729 339 801 producunt:
362 728 446 784 laetor
458 724 543 783 etiam
561 723 676 780 intuens
689 740 815 797 pessum
827 728 1045 795 tumesoeutem3
1065 726 1168 784 deinde

52 823 154 881 quum
170 815 222 866 est
240 812 376 881 maturus,
390 807 520 878 comedo,
536 802 760 878 sanitatemque
777 805 910 878 exploro,
924 804 1064 876 simulque
1077 806 1166 866 dico:

53 888 185 947 Amica»
200 886 410 967 tempestates!
430 894 459 945 et
479 884 609 944 nonnihil
629 885 721 962 thymi
740 890 834 942 terens
847 887 993 942 misturam
1006 888 1096 946 bibo:
1117 889 1170 946 de.

51 968 130 1026 inde
146 968 193 1027 fio
209 971 321 1044 pinguis
333 966 485 1029 eoaestatit
496 974 640 1041 tempores
662 964 716 1039 his,
731 966 858 1039 inquam,
873 966 958 1022 lector
970 967 1070 1041 magis,
1083 985 1168 1041 quam

51 1049 78 1105 si
93 1051 221 1109 intuear
230 1052 283 1107 diis
297 1050 425 1109 odiosum
446 1048 637 1107 centurionem
649 1051 707 1103 tres
716 1047 815 1104 cristas
823 1044 985 1120 habentem,
999 1048 1168 1120 puniceam·
1259 1107 1261 1114 ,

53 1144 119 1199 qne
135 1122 325 1208 chlamydem
339 1129 445 1188 eo'loris
458 1127 647 1199 intensissimi,
661 1144 744 1199 quam
756 1128 805 1183 ille
818 1128 947 1184 tincturae
958 1145 1018 1184 esse
1036 1129 1078 1185 ait
1090 1128 1167 1187 Sor.

49 1210 216 1269 dioninse:
239 1213 282 1268 sin
295 1210 372 1268 lorte
386 1210 571 1283 pugnandum
584 1208 620 1264 sit
633 1207 660 1265 ei
672 1209 727 1265 ista
739 1207 847 1264 amicto
861 1208 1018 1284 chlamyde,
1033 1214 1104 1267 tuuc
1116 1211 1166 1268 illa

54 1289 195 1363 tingitur
209 1291 333 1348 tinctura
344 1290 552 1349 Merdicm‘cur
573 1286 674 1345 deinde
696 1287 774 1363 fugit
794 1289 915 1362 primus,
935 1299 1067 1362 tanquam
1089 1291 1164 1348 celer

52 1372 238 1445 equigallus,
253 1370 352 1429 cristas
365 1372 528 1429 concutiens
537 1388 552 1441 ,3
572 1387 626 1443 ego
639 1374 735 1427 autem
747 1374 792 1427 sto
805 1370 877 1426 retia
888 1386 1012 1426 servans.
1040 1367 1167 1436 Quando
1265 1365 1268 1370 ⁴

55 1459 161 1508 nutem
180 1452 260 1509 demi
279 1458 358 1520 sunt,
372 1450 564 1509 intolerabilia
576 1450 697 1524 faciunt,
713 1450 782 1506 dum
797 1449 868 1507 alios
887 1449 1047 1507 inscribunt
1065 1452 1096 1508 iu
1117 1469 1167 1509 ca.

54 1532 210 1606 talogurn,
221 1530 293 1588 alios
308 1536 413 1589 temne
424 1532 521 1589 delent
532 1532 575 1589 bis
584 1536 636 1587 aut
649 1536 703 1588 ter.
732 1529 803 1587 Cras
815 1529 929 1603 quidem
944 1529 1087 1603 protectio
1099 1538 1162 1589 est:

53 1609 131 1668 huic
151 1630 227 1669 sero
242 1610 321 1668 cibus
333 1628 391 1669 non
412 1618 457 1668 est
475 1616 585 1669 emtus:
607 1611 752 1668 nesciebat
762 1612 837 1669 onim
850 1628 938 1682 quum
951 1610 1038 1667 domo
1050 1613 1166 1685 egrede·
1194 1650 1197 1655 -

55 1697 148 1748 retur
175 1710 206 1747 se
226 1690 334 1749 militiae
356 1693 529 1767 adscriptum
551 1708 631 1749 esse:
653 1690 754 1748 deinde
766 1692 802 1747 ad
814 1693 993 1747 simulacrum
1007 1689 1165 1749 Pandionis

56 1774 244 1845 consistens,
258 1790 363 1829 nomen
385 1790 468 1830 suum
489 1774 518 1831 in
542 1772 674 1845 catalogo
694 1772 784 1847 ridet,
799 1772 939 1844 inopsque
953 1771 1054 1829 consili
1074 1772 1166 1830 currit

57 1850 138 1908 flens
152 1868 261 1909 amare.
305 1850 365 1911 isla
385 1854 468 1910 nobis
491 1855 601 1912 faciunt
623 1850 776 1925 agricolis3
799 1853 914 1910 urbanis
933 1871 1003 1909 vero
1017 1870 1109 1928 secus,
1124 1852 1166 1911 illi

56 1931 116 1989 diis
131 1932 355 2003 hominibusque
368 1933 450 1992 invisi
461 1952 603 1992 armorum
618 1932 777 2006 abjectores
788 1950 798 1989 t
820 1950 875 2006 pro
887 1932 991 2004 quibus
1004 1950 1103 2007 poenas
1113 1935 1166 1991 ad-

58 2009 124 2069 huc
139 2013 253 2070 dabunt
266 2015 344 2086 mihi,
359 2014 383 2070 si
395 2014 464 2071 deus
479 2016 572 2072 roletr
587 2012 680 2071 multis
693 2014 767 2069 enim
776 2031 821 2071 rae
833 2014 970 2072 laeaeruut
982 2012 1105 2091 injuriis,
1116 2015 1163 2089 qui

56 2092 144 2151 domi
162 2094 274 2165 quidem
287 2099 355 2152 suut
367 2094 475 2171 leones,
489 2095 589 2153 inscie
601 2098 693 2151 nutem
705 2094 812 2168 vulpes.

77 2268 310 2351 TRYGAEUS,
332 2273 579 2355 nnncnnws,
609 2272 861 2352 CRISTARIUS,
882 2272 1142 2357 LonlcsmUS,

189 2375 389 2449 TUBICEN,
402 2380 643 2443 GALEARUM
657 2379 807 2457 Fannn,
820 2380 1062 2460 nnsnnmUS,

308 2482 418 2545 suun
439 2485 644 2557 usuuucnr,
666 2486 778 2545 rnna
798 2484 920 2545 cuno-
1045 2484 1047 2512 ¹

454 2590 582 2667 nunu,
604 2588 778 2649 cacans,

102 2710 239 2777 TRYG.
265 2708 320 2778 io!
342 2715 389 2778 io!
418 2718 537 2789 Quanta
548 2720 701 2778 multitudo
719 2721 799 2777 seuit
821 2721 858 2777 ad
879 2723 1019 2797 nuptiales
1038 2727 1159 2799 epulas!

59 2798 149 2874 Cape
173 2798 247 2859 hanc
268 2802 388 2875 galeam,
401 2808 432 2857 et
453 2802 544 2859 cristis
559 2818 669 2859 mensas
687 2801 814 2877 deterge,
829 2802 965 2875 siqnidem
978 2806 1051 2862 illins
1064 2809 1160 2865 nullus

59 2886 106 2935 cst
121 2898 187 2977 usus
203 2883 345 2954 amplius:
367 2882 467 2941 deinde
484 2882 559 2940 iufer
572 2884 718 2958 placentas
729 2890 758 2942 et
769 2882 881 2961 turdos,
895 2885 1103 2961 plurimamque
1118 2890 1159 2947 ls-

59 2976 197 3033 porrnsrn
211 2971 240 3021 et
250 2979 348 3035 panes.

105 3038 228 3101 Fano.
248 3042 309 3102 Ubi
322 3043 459 3122 Trygaeus
472 3050 526 3121 est,
541 3044 616 3105 ubi?

102 3116 234 3181 TRYG.
255 3123 369 3184 'l'urdsn
383 3145 486 3200 coquo.

102 3198 223 3260 FALC.
244 3203 273 3262 O
286 3206 426 3265 carissime
440 3205 570 3284 Trygaee,
584 3210 689 3279 quanta
701 3206 779 3263 bona
790 3207 819 3265 iu
831 3224 886 3265 nos
900 3207 1056 3283 contulisti,
1067 3226 1156 3284 quum

65 3298 170 3355 pacem
183 3282 275 3341 fecisti
288 3285 296 3344 Ι
310 3298 374 3346 nanu
384 3288 517 3346 autidbac
532 3305 615 3345 nemo
627 3287 849 3346 emissett'alcem
859 3289 904 3345 rel
914 3291 1063 3348 teruncius
1078 3310 1159 3349 nunc

64 3380 138 3421 sero
150 3380 197 3421 eas
210 3366 416 3443 quinquagenis
429 3369 569 3427 drachmis
582 3370 693 3425 vendo:
717 3369 771 3425 iste
790 3375 885 3426 autem
908 3371 995 3427 ternis
1016 3372 1157 3433 drachmis

63 3444 152 3501 cados
171 3447 269 3503 rendit
287 3447 316 3505 is
338 3466 431 3523 agros.
473 3448 537 3520 Sed,
553 3449 571 3507 d
585 3448 719 3526 Trygaee,
735 3466 799 3507 cum
811 3466 847 3506 ex
859 3449 978 3507 falcibus
991 3468 1082 3525 sume,
1097 3458 1158 3510 tum

63 3541 102 3581 ex
117 3525 184 3596 istis,
205 3528 343 3600 quidquid
355 3530 444 3601 voles,
457 3531 554 3605 gratiis
566 3547 576 3587 r
597 3537 627 3587 et
646 3532 725 3585 istnc
746 3532 870 3611 accipe·
896 3528 941 3586 Ex
955 3532 989 3589 iis
1001 3532 1076 3589 enim
1090 3551 1156 3607 quoe

65 3604 251 3683 vendidimus,
273 3614 303 3666 et
325 3612 401 3669 unde
420 3612 532 3670 lucrum
547 3610 683 3686 lecimus,
699 3610 778 3668 dona
795 3611 891 3669 hocce
911 3613 964 3669 tibi
985 3611 1099 3670 ferimus
1118 3612 1156 3671 ad

65 3685 193 3759 nuptias.
923 3731 925 3736 -

106 3762 234 3825 TRYG.
256 3767 343 3847 Agite
356 3788 435 3844 ergo,
450 3770 585 3843 depositis
606 3770 666 3827 istis
685 3768 764 3845 apud
786 3789 842 3843 une,
856 3771 1035 3847 ingredimini
1048 3775 1085 3832 ad
1098 3792 1155 3833 coe·

69 3862 132 3903 ram
147 3846 248 3905 ocius:
269 3853 371 3908 etenim
385 3853 438 3908 iste
450 3869 591 3909 armorum
605 3850 720 3908 institor
733 3853 843 3909 accedit
856 3870 931 3927 aeger
944 3854 1039 3911 animi.
1110 3854 1113 3858 ’
1149 3896 1152 3904 ,

107 3924 207 3985 CRIS.
229 3926 283 3985 Hei
296 3930 382 3989 mihi!
397 3929 531 4009 Trygaee,
545 3950 629 4004 quam
642 3950 687 3989 me
699 3932 825 3991 funditus
840 3932 1002 4005 perdidisti!

107 4004 232 4065 TRYG.
255 4008 332 4077 Quid
346 4030 415 4069 vero
427 4019 480 4085 est,
501 4012 698 4071 infortunate?
719 4031 788 4071 num
802 4012 854 4071 tibi
867 4014 944 4071 forte
965 4014 1044 4071 dolet
1064 4021 1155 4091 caput

66 4086 155 4144 cristis
167 4090 401 4161 erumpentibus?

107 4163 204 4225 CRIS.
227 4166 339 4229 Pessum
361 4172 462 4232 dedisti
487 4192 578 4235 mcum
602 4172 747 4251 opificium
769 4178 801 4234 ct
824 4174 939 4252 rictum,
960 4173 1110 4252 hujusque,
1123 4179 1153 4243 at

68 4245 395 4313 istiushastarumfabrb
966 4265 968 4272 ’
