2875 4984
498 385 739 461 seems,
1102 404 1165 464 ees

117 550 240 615 CLEO.
256 506 459 626 Qninberele,
472 568 536 629 que
549 570 612 612 mea
632 554 812 632 estaoloetie,
827 554 965 633 populans
984 561 1015 617 et
1034 562 1162 660 amplam
1213 516 1216 521 Ι

67 640 106 696 et
119 642 273 711 angustum
285 636 380 692 secere
392 652 477 706 queo.

115 716 165 775 IS.
188 713 348 790 Quippinil
371 717 452 773 cuine
465 714 548 772 etiem
561 716 880 777 meusboeeeiteieeit.
1162 743 1171 769 ι

117 795 237 855 CLEO.
256 794 285 854 Ο
300 798 386 871 bone,
399 814 436 853 ne
449 803 529 871 putee
543 797 611 854 tein
623 806 722 855 senatu
733 799 801 857 mibi
812 800 950 858 medem
970 801 1007 859 ed
1016 804 1162 879 populun

63 896 185 937 ειιιιιιιι.

117 956 167 1016 IS.
190 956 271 1015 Nihil
281 956 420 1031 impedit:
442 974 479 1015 en
492 972 578 1031 perge
594 975 604 1029 3
624 959 707 1017 nobie
719 976 756 1018 ne
767 961 804 1017 eit
816 944 968 1035 quicquam
981 980 1081 1022 more.

116 1036 240 1096 CLEO.
263 1036 291 1095 0
306 1036 405 1111 Deme,
420 1039 476 1096 huc
489 1040 632 1112 egredere,
646 1056 698 1113 per
710 1038 814 1098 dorem
827 1043 967 1115 obleetor,
982 1042 1002 1100 d
1015 1052 1109 1118 pater.

117 1118 167 1177 ls.
190 1118 332 1194 Egredere
345 1136 422 1191 eane,
439 1118 555 1176 Demule
568 1120 717 1178 carissime.

118 1198 224 1257 DEM.
242 1198 363 1267 Quinam
377 1207 442 1256 sunt
454 1201 504 1273 qui
519 1200 666 1258 clamant?
688 1201 908 1260 nonneebibitis
917 1202 1061 1263 eboelio?
1076 1203 1160 1270 olivae

70 1300 189 1339 ramum
201 1281 297 1355 januae
311 1294 467 1353 appensum
479 1281 547 1337 milri
561 1282 748 1339 convulsistis.

119 1360 241 1420 CLEO.
265 1359 416 1435 Egredere,
431 1367 463 1417 nt
474 1362 567 1419 rideas
581 1364 686 1435 quibus
698 1362 820 1421 adficior
832 1364 1020 1424 contumeliis.

116 1442 223 1500 DEM.
244 1438 381 1509 Quisnam
394 1442 506 1517 injuriis
519 1449 548 1499 te
560 1444 681 1516 lacessit,
696 1442 867 1519 Paphlago?

116 1520 388 1671 gfflohffioptpr
401 1530 430 1579 te
443 1524 578 1582 verberor
591 1526 628 1581 ab
642 1526 696 1581 isto
710 1532 740 1582 et
752 1526 791 1582 ab
803 1526 848 1583 bis
858 1525 1095 1587 adolescentibus.

274 1618 340 1659 nare
1159 1627 1163 1635 ¹

118 1682 175 1740 CL
177 1681 239 1741 EO.
261 1682 339 1751 Quia
352 1689 381 1740 te
394 1683 459 1740 eolo
472 1688 501 1741 et
514 1700 574 1740 enm
588 1689 698 1743 ametor
711 1688 789 1745 lune.

120 1762 224 1822 DEM.
246 1762 292 1820 Τιι
305 1782 374 1821 vero
386 1767 446 1835 quis
460 1782 489 1821 es
500 1764 631 1821 scilieet?

121 1828 169 1903 18.
191 1844 294 1903 Rivalis
310 1862 370 1901 sum
384 1845 508 1921 hujusce,
524 1846 573 1918 qni
585 1855 613 1903 te
625 1844 732 1903 dudum
745 1864 821 1918 emo,
835 1846 953 1920 cupiens
965 1847 1018 1906 tibi
1031 1850 1105 1909 bene
1117 1849 1163 1908 l'a·

74 1943 160 1999 cere,
174 1930 206 1983 ut
218 1932 248 1982 et
260 1925 308 1982 alii
322 1926 401 1985 multi
415 1926 483 1982 boni
496 1933 525 1982 et
537 1926 622 1999 probi
637 1927 711 1982 riri:
733 1927 781 1983 sed
795 1942 854 1983 non
874 1944 1020 1999 possuntne
1043 1937 1164 2005 propter

74 2008 215 2064 huncce:
238 2010 269 2062 tu
284 2007 356 2061 enim
371 2006 508 2062 similises
521 2008 613 2078 pneris
629 2006 694 2079 iliis,
709 2007 756 2078 qni
769 2012 910 2065 amatoree
922 2008 1048 2067 habente
1071 2012 1164 2069 bonos

74 2096 110 2145 et
126 2088 232 2161 probos
245 2102 304 2143 non
316 2086 458 2156 admittis3
481 2086 528 2142 sed
544 2087 674 2161 teipsum
696 2086 890 2144 venditoribus
912 2089 1089 2147 lnoernarum
1116 2092 1164 2148 iis-

75 2166 299 2306 οιιέἓιέὅοιίἧ
308 2174 461 2304 oopsunnt,
474 2173 526 2223 aut
536 2167 858 2304 οοοιοιιῗθοιιιὶνοιιᾱιιιιι,
847 2167 961 2245 ,ᾱοᾱίι.
1091 2129 1102 2166 ³

300 2264 342 2305 err
356 2265 396 2305 o·
419 2262 482 2305 nam
496 2264 607 2319 popno
658 2264 694 2304 ne
720 2248 794 2305 ecio.

123 2328 170 2387 IS.
192 2327 329 2402 Dicergo
343 2328 534 2403 quamtione.

121 2407 240 2467 CLEO.
262 2407 335 2477 Quia
349 2407 498 2481 prefectos
511 2405 653 2465 exereitus
665 2407 701 2465 ed
716 2406 857 2486 Pylum
832 2410 1060 2486 oecumenius,
1075 2423 1164 2541 quam

74 2492 152 2551 illue
166 2492 349 2563 navigassem,
364 2486 495 2546 Laconas
508 2488 564 2544 buc
577 2487 692 2545 adduxi.

125 2569 171 2627 IS.
193 2567 257 2645 Ego
269 2586 337 2627 vero
351 2568 489 2627 oireuiens
501 2584 537 2626 en
551 2569 669 2626 taberrm
683 2569 767 2627 ollam
780 2568 902 2643 surripui
915 2588 980 2629 eom
992 2572 1069 2647 cibo,
1079 2591 1164 2646 quem

77 2652 157 2713 elius
170 2655 296 2708 coxerat.

124 2728 177 2789 CI
177 2728 243 2788 EO.
265 2730 319 2789 Sed
333 2731 409 2789 ocius
423 2733 594 2787 conventum
617 2746 678 2803 age,
691 2727 731 2785 mi
753 2725 853 2798 Deme,
867 2734 902 2786 ut
921 2747 1078 2805 eognoeoee
1099 2737 1166 2794 uter

79 2812 216 2873 nestrdnr
230 2812 266 2868 sit
282 2810 334 2868 tibi
350 2811 574 2878 benevolentior,
589 2814 618 2866 el
631 2809 766 2883 dijudica,
780 2818 813 2865 ut
825 2811 903 2865 lllnnr
916 2828 1001 2869 emes.

124 2892 172 2953 IS.
194 2891 333 2965 Quaeso,
325 2909 452 2965 unquam,
465 2890 601 2965 dijudica,
614 2890 702 2949 medo
716 2909 752 2947 ne
764 2890 794 2946 in
808 2888 914 2966 Pnyee.

124 2971 226 3029 DEM.
248 2972 345 3031 Nolim
360 2974 388 3029 in
401 2973 459 3029 elio
473 2975 538 3030 loco
553 2972 719 3043 considere;
742 2972 802 3046 sed,
812 2978 948 3047 straten,
959 2971 1034 3031 eires
1048 2974 1166 3046 oporiet

81 3055 239 3125 convenire
251 3053 282 3109 in
296 3050 431 3129 Pnyeem.

126 3132 172 3192 lS.
196 3132 248 3191 Ve
260 3132 363 3191 misero
377 3131 462 3190 mihi!
483 3137 515 3188 nt
528 3132 616 3207 perii!
638 3150 703 3191 nam
715 3148 802 3189 senex
814 3130 895 3190 bicee
905 3132 983 3191 domi
995 3132 1109 3207 quidem
1120 3132 1165 3191 rie

81 3222 130 3274 est
141 3216 378 3289 sapientissimus:
400 3232 486 3286 quum
509 3216 620 3271 veroin
643 3217 697 3271 ista
717 3231 789 3286 rope
811 3214 899 3286 sedet,
922 3219 979 3272 um
1000 3215 1091 3273 hianti
1113 3228 1166 3273 ore

83 3302 195 3369 stupet,
210 3314 294 3368 quem
308 3297 354 3369 qni
371 3294 441 3352 licus
454 3293 589 3368 adligane,
605 3295 716 3368 petiolis
729 3293 826 3350 {raetis
839 3295 938 3353 beret.

127 3374 252 3444 CHOR.
273 3374 362 3434 Nunc
374 3376 456 3433 funes
470 3392 565 3432 omnes
581 3393 696 3431 morere
708 3381 737 3431 te
750 3380 879 3447 oportet,
893 3380 923 3432 et
945 3374 1066 3431 animem
1088 3392 1165 3447 pres.

85 3463 194 3517 sentem
207 3457 320 3515 adferre
331 3458 531 3529 solertemque,
545 3462 575 3512 et
588 3458 746 3513 orationem
768 3454 936 3528 captiosam,
949 3460 984 3510 nt
1005 3454 1065 3511 istis
1085 3454 1165 3514 buno

85 3556 211 3613 superes.
253 3536 304 3594 liet
316 3537 388 3593 enim
402 3538 489 3593 homo
501 3537 667 3611 versipellis,
682 3536 788 3609 quique
797 3534 930 3607 impedita
938 3534 1072 3608 expedire
1079 3533 1165 3593 facile

86 3625 192 3695 potest.
232 3616 356 3689 Proinde
369 3633 458 3689 opere
470 3616 564 3673 dende
576 3617 627 3674 tibi
639 3622 691 3688 eet,
704 3621 739 3671 nt
749 3616 853 3673 rnnltus
863 3620 895 3671 et
907 3614 1053 3674 vehemens
1063 3619 1165 3673 contre

84 3700 167 3757 illurn
180 3700 319 3773 prodeae3
344 3698 392 3755 sed
407 3714 474 3754 ease
487 3695 550 3766 tibi,
565 3703 595 3755 et
607 3698 684 3771 prius
697 3713 780 3768 quarn
794 3696 843 3753 ille
863 3697 997 3768 impetum
1017 3696 1048 3751 in
1068 3701 1098 3751 te
1119 3693 1163 3753 ia-

87 3782 157 3850 ciat,
171 3786 203 3837 tu
219 3781 298 3854 prior
312 3778 458 3852 delphinas
471 3776 558 3851 erige,
572 3784 603 3834 et
613 3778 734 3835 lembum
746 3778 871 3850 appelle.

131 3858 248 3919 CLEO.
270 3858 359 3917 Deam
372 3856 532 3917 Minervam
546 3857 692 3930 praesidem
715 3857 802 3931 bnjne
826 3856 903 3915 urbis
925 3873 1039 3930 precor,
1051 3854 1076 3914 ei
1096 3872 1165 3931 erge

86 3942 229 4017 populum
243 3939 445 3998 Atheniensem
458 3954 520 3996 snm
533 3938 642 4010 optime
656 3944 724 4011 poet
734 3935 864 4014 Lysidem
888 3941 918 3993 et
930 3935 1060 4014 Cyanam
1073 3944 1102 3994 et
1113 3937 1165 3995 Sa·

87 4022 253 4081 labaccbnm
276 4022 412 4088 adtentus,
427 4027 470 4091 ut,
483 4020 715 4090 quemadmodum
735 4034 825 4092 nunc,
845 4017 916 4073 nibil
936 4018 1063 4092 egendo
1069 4019 1165 4077 eibum

90 4104 201 4176 o'epiem
214 4103 242 4158 in
257 4098 427 4178 Prytaneo·
451 4102 473 4157 ri
487 4108 581 4157 autern
594 4106 624 4157 te
636 4099 696 4172 odi,
709 4103 740 4154 et
754 4116 812 4153 non
827 4116 881 4171 pro
895 4105 924 4155 te
947 4115 1056 4172 pugno,
1070 4100 1165 4157 solum

89 4202 136 4243 me
149 4183 307 4256 obponens,
322 4198 445 4255 peream,
458 4188 488 4237 et
500 4198 578 4238 serra
588 4180 721 4252 dissecet,
734 4183 764 4235 et
774 4178 936 4235 discindat
927 4196 958 4235 ιιι
972 4179 1035 4235 lora
1044 4177 1164 4252 jugalo.

132 4260 175 4329 IS
198 4260 236 4319 Et
247 4280 313 4339 ego,
327 4278 365 4321 ιιι
356 4258 512 4340 ''Deme‚
490 4276 514 4321 es
528 4266 557 4325 te
568 4278 702 4322 nonanto
715 4266 746 4319 et
757 4258 951 4339 magnifacio,
963 4276 1070 4334 eoquat
1080 4259 1166 4323 dme-
