2875 4984
254 363 313 422 156
589 345 992 413 ARISTOPHANIS

255 531 377 589 summo,
392 527 527 584 erassum,
543 516 576 569 ut
588 513 682 585 pueris
695 511 767 568 risos
779 512 919 570 excitetur
930 529 940 582 ;
961 523 1053 583 neque
1061 503 1149 566 irrisit
1162 505 1271 576 calum,
1283 519 1345 560 nee

256 599 404 657 cordacem
420 593 554 651 saltavitz
578 611 632 650 uec
650 610 747 662 senex,
761 594 812 664 qni
832 611 931 650 versus
951 594 1063 660 recitat,
1078 589 1183 646 haemo
1204 587 1346 642 verberat

256 679 424 747 adstantem,
438 676 515 732 dicta
527 675 671 731 mordacia
684 677 856 744 retundens3
876 691 967 746 neque
979 673 1081 743 irrupit
1101 671 1131 726 in
1143 683 1255 725 socnam
1271 681 1344 722 cem

258 760 378 826 facibus,
393 774 446 813 nec
460 753 504 826 10,
518 758 560 824 io,
574 757 695 812 clamat:
718 755 767 810 sed
790 755 956 828 sibimetipsi
967 761 996 809 et
1008 753 1134 810 versibus
1146 749 1236 807 ndens
1250 746 1341 802 adre-

258 841 313 896 nit.
356 837 394 893 Et
405 855 459 911 ego
475 837 598 910 quidem,
610 838 656 908 qui
670 837 735 892 talis
745 837 833 908 po'eta
846 837 908 908 sim,
920 852 978 891 nou
992 833 1147 908 snperbi03
1171 847 1264 900 neque
1276 833 1342 882 stu.

258 921 314 978 deo
326 936 377 975 vos
398 919 540 990 decipere,
555 919 597 974 bis
621 908 700 973 terre
721 917 816 974 ffldem
839 916 1060 976 introducendo.
1101 910 1212 971 Verum
1226 925 1341 980 semper

257 1018 346 1058 noras
359 999 464 1056 formas
478 998 683 1064 comminiscor,
698 1015 769 1068 quas
789 999 921 1071 inieram,
934 997 1004 1052 nihil
1015 996 1092 1052 inter
1103 1011 1134 1051 se
1153 990 1270 1064 similes,
1283 988 1342 1046 sci·
1411 1038 1412 1049 ,

260 1091 304 1138 tos
316 1087 346 1138 et
358 1081 465 1153 lepidas
480 1097 575 1136 omnes
588 1097 597 1134 s
619 1080 666 1149 qni
682 1080 802 1150 plurima
811 1077 1014 1152 salenfigrstts
1026 1075 1127 1135 Cleoni
1133 1079 1262 1130 ventrem
1273 1087 1342 1144 per·
1411 1060 1413 1159 l

261 1163 344 1238 cossi,
362 1177 414 1216 nec
426 1159 545 1233 amplius
567 1165 659 1216 tamen
683 1161 708 1215 ei
725 1158 858 1216 insultari
869 1159 988 1233 jacenti.
1030 1156 1083 1214 lsti
1099 1163 1205 1221 autem,
1221 1152 1272 1209 ubi
1296 1169 1342 1208 se·
1411 1162 1413 1243 y

260 1243 317 1299 mel
339 1258 435 1298 ansam
458 1242 536 1297 dedit
557 1237 753 1316 Hyperbolus,
777 1243 909 1298 miserum
927 1241 1005 1296 illum
1024 1236 1134 1295 assidue
1154 1234 1340 1305 conculcant,
1411 1246 1412 1293 l

160 1377 165 1382 .
260 1325 375 1399 ejusque
388 1329 516 1379 matrem.
558 1315 684 1378 Primum
698 1319 809 1394 quidem
824 1322 946 1379 omnium
962 1319 1079 1394 Eupolis
1100 1316 1250 1376 Maricam
1268 1331 1342 1387 pro-

224 1456 226 1460 .
262 1406 359 1477 traxit,
373 1420 461 1475 quum
476 1408 591 1460 nostros
604 1398 729 1477 Equites
742 1403 772 1458 in
786 1403 873 1460 alium
895 1401 1024 1459 habitum
1045 1401 1119 1457 malo
1140 1398 1344 1456 commutasset
1411 1460 1412 1477 χ

261 1486 361 1558 malus,
375 1483 481 1556 addita,
496 1501 559 1556 quse
574 1485 721 1540 cordacem
735 1485 863 1553 saltaret,
879 1501 936 1539 anu
950 1483 1116 1553 temulente,
1131 1477 1343 1553 quampridem
1411 1482 1412 1537 l

261 1565 441 1641 Phrynichus
456 1571 631 1622 commentus
652 1563 757 1633 suerat,
772 1566 977 1639 objeceratque
995 1563 1116 1619 marine
1135 1560 1240 1617 beluae.
1281 1553 1345 1612 De·
1411 1564 1412 1635 Q

261 1648 330 1704 inde
341 1646 513 1720 Hermippus
533 1663 631 1701 rursus
651 1641 848 1719 Hyperbolum
869 1645 1014 1713 traduxit3
1043 1650 1074 1701 et
1092 1641 1152 1717 jam
1174 1655 1273 1696 omnes
1294 1635 1367 1692 alii'
1411 1642 1412 1657 t

260 1729 437 1788 insectantur
450 1723 661 1801 Hyperbolum,
675 1726 809 1799 imagines
821 1745 897 1783 meas
909 1723 1083 1798 deanguillis
1097 1724 1248 1780 imitantes.
1270 1716 1343 1776 Cui.

264 1824 377 1879 cunque
390 1824 459 1880 ergo
471 1809 526 1861 ista
540 1806 623 1861 risum
637 1813 766 1875 monent,
779 1809 803 1863 is
817 1809 884 1865 meis
897 1804 1089 1880 necapiatur:
1111 1803 1155 1860 siu
1165 1800 1344 1864 meisinreu-
1411 1824 1412 1877 q

262 1889 299 1946 tis
314 1896 343 1945 et
355 1905 400 1944 me
412 1885 705 1963 ipsodelectebimini,
721 1886 751 1943 iu
764 1887 895 1944 futurum
912 1895 1021 1962 tempus
1032 1892 1109 1943 recte
1120 1901 1221 1960 sapere
1234 1878 1345 1939 videbi·

262 1987 339 2028 muni.
946 1983 952 1995 ·

272 2077 276 2084 ·
304 2047 395 2108 SEM.
418 2047 501 2107 Coelo
514 2053 689 2122 regnantem,
698 2046 808 2120 diisque
817 2048 1001 2124 imperantem
1009 2043 1254 2122 magnnmJorem
1264 2040 1345 2100 Cho·
1411 2082 1412 2103 n

264 2151 299 2190 ro
313 2138 346 2188 ut
358 2131 431 2188 adsit
443 2133 563 2204 primum
574 2131 696 2187 invoco:
719 2131 820 2187 deinde
828 2136 1032 2204 praepotentem
1047 2129 1178 2186 tridentis
1187 2126 1346 2189 dominnm,
1411 2156 1412 2183 ³

264 2218 405 2283 terraeque
418 2219 448 2267 et
460 2211 524 2266 salsi
537 2211 620 2264 maris
636 2210 729 2264 ferum
745 2217 905 2268 motorem:
927 2217 957 2268 et
968 2211 1219 2268 nominatissimum
1234 2211 1347 2280 patrem
1411 2242 1412 2247 κ

264 2298 407 2365 nostrum,
422 2287 570 2346 AEtherem
591 2291 789 2363 uenerabilem,
806 2293 955 2349 nutricium
976 2293 1117 2349 omniumr
1147 2303 1347 2362 equorumque

152 2397 157 2412 τ
266 2374 432 2446 agitatorem
446 2370 537 2439 illum,
552 2371 601 2441 qui
616 2371 775 2443 praelucidis
787 2374 872 2428 radiis
885 2380 1012 2446 permeat
1035 2381 1128 2430 totum
1141 2378 1225 2429 terra
1239 2369 1345 2442 solum,

265 2469 383 2527 magnus
397 2451 473 2524 apud
488 2453 555 2506 deos
568 2456 597 2505 et
609 2451 682 2523 apud
697 2454 830 2509 mortales
842 2454 918 2510 deus.

308 2529 430 2590 CHOR.
453 2528 481 2588 O
495 2530 692 2603 sapientissimi
704 2539 887 2605 spectatores,
903 2536 957 2591 huc
969 2534 1247 2591 advertitementem.
1282 2528 1347 2590 Vos
1411 2576 1412 2615 q

266 2613 352 2687 enim,
366 2631 384 2669 a
397 2613 499 2686 quibus
514 2631 601 2687 passae
612 2630 705 2670 sumus
715 2613 860 2689 iujuriam,
874 2618 964 2689 palam
973 2617 1142 2672 incusamus.
1173 2611 1249 2670 Nam
1259 2630 1347 2686 quum
1411 2618 1412 2681 ᾗ

267 2711 327 2768 prae
342 2695 440 2750 ceteris
454 2693 506 2751 diis
521 2695 674 2768 plurimum
688 2698 896 2753 commodemus
910 2697 981 2763 urbi,
996 2697 1080 2754 nobis
1094 2702 1187 2752 tamen
1201 2695 1269 2750 solis
1283 2711 1346 2750 om·
1411 2684 1412 2771 l

266 2778 346 2833 nium
359 2775 476 2832 deorum
490 2794 542 2832 nec
554 2775 729 2850 sacrificatis,
746 2795 799 2832 neo
811 2777 915 2849 libetis,
930 2797 990 2850 quae
1004 2796 1053 2834 vos
1076 2779 1286 2834 conseriamus.
1317 2773 1348 2833 Si

266 2858 340 2922 enim
355 2859 462 2928 absque
475 2857 536 2912 ullo
548 2856 659 2929 judicio
672 2857 841 2914 decernatur
849 2859 994 2932 expeditio
1003 2858 1109 2930 aliqua,
1120 2863 1190 2912 tunc
1202 2863 1253 2917 aut
1262 2863 1348 2912 tona.
1411 2918 1412 2943 ,

211 2971 214 2976 ·
267 2937 565 3004 musautstillames.
608 2935 741 3007 Namque
753 2938 804 2995 diis
818 2940 939 2997 invisum
962 2940 1041 2996 illum
1055 2939 1206 2995 coriarium
1220 2935 1347 3010 Paphla·
1411 2964 1412 3003 ι

267 3033 369 3093 gonem
383 3033 470 3087 quum
485 3013 624 3090 eligeretis
645 3017 746 3074 ducem
763 3020 917 3090 exercitus,
926 3019 1079 3094 supercilia
1092 3019 1300 3088 contraximus,
1320 3023 1350 3074 et
1411 3008 1412 3081 l

266 3100 420 3169 indignatae
434 3114 539 3166 sumus,
552 3097 734 3170 tonitrusque
745 3101 841 3173 erupit
854 3119 916 3157 cum
931 3101 1071 3157 fulmine:
1095 3097 1178 3156 Luna
1190 3105 1287 3156 autem
1300 3116 1348 3156 so·
1411 3100 1412 3173 l

267 3179 333 3234 litas
347 3177 470 3234 deseruit
482 3177 551 3250 vies,
566 3185 596 3233 et
608 3177 668 3248 Sol,
681 3179 825 3256 ellychnio
848 3181 942 3238 statim
957 3183 986 3238 iu
1003 3200 1033 3238 se
1054 3185 1217 3250 contracto,
1231 3179 1350 3254 negarit
1411 3206 1412 3221 2

268 3258 406 3320 relucere
421 3256 500 3324 telle,
514 3258 537 3314 si
550 3256 621 3314 Cleo
634 3258 751 3317 duceret
763 3265 936 3320 exercitum:
959 3260 1143 3318 nihilominus
1162 3279 1227 3318 eum
1248 3261 1350 3334 elegis-

268 3339 312 3396 sis.
355 3336 531 3394 Aiuntenim
548 3339 628 3396 maio
640 3341 763 3398 consilia
774 3361 880 3420 copore
900 3345 975 3400 hcnc
987 3347 1136 3400 civitatem
1156 3342 1254 3399 solere
1261 3341 1350 3413 seen

267 3435 439 3496 quecunque
449 3421 654 3497 peccaveritis,
670 3421 725 3479 ilic
734 3423 803 3479 deos
816 3428 848 3480 in
863 3425 967 3482 melias
978 3431 1158 3482 convertere.
1201 3421 1264 3479 lsta
1276 3438 1350 3480 vero

268 3518 324 3574 quo
343 3506 429 3572 pacto
444 3501 625 3571 convenient,
638 3501 722 3558 facile
735 3521 785 3560 ros
807 3505 992 3563 docebimuse
1023 3521 1126 3577 nempe
1147 3505 1172 3561 si
1196 3502 1348 3576 Cleonem,

268 3595 398 3636 voracem
410 3581 488 3636 illum
498 3582 600 3655 larum,
610 3582 732 3640 sordium
743 3590 772 3640 et
781 3581 1031 3660 lurtidemnatum,
1040 3585 1274 3660 capistrareritis,
1286 3602 1351 3641 eer-

268 3661 414 3733 ricemque
428 3661 486 3734 ejus
501 3679 590 3719 nervo
603 3662 839 3738 constrinxeritis,
853 3668 881 3722 id
896 3668 920 3723 si
933 3672 1080 3739 peccatum
1093 3667 1193 3742 fuerit,
1207 3683 1307 3724 rursus
1320 3665 1350 3722 iu
1411 3708 1412 3719 2

210 3811 220 3826 ,
268 3741 419 3815 pristinum
434 3743 525 3814 robis,
539 3750 624 3816 atque
636 3744 665 3798 in
679 3745 779 3801 melius
793 3765 837 3803 res
849 3764 884 3804 ea
896 3749 978 3804 cedet
989 3746 1165 3821 reipublicae.
1411 3790 1412 3803 ,

233 3845 235 3850 ·
309 3820 399 3880 SEM.
422 3820 489 3878 lluc
502 3825 567 3879 ades
581 3833 612 3881 tu
628 3841 742 3896 quoque
758 3823 867 3893 Phoebe
880 3847 941 3902 rer,
956 3826 1049 3903 Delie,
1063 3830 1177 3886 excelsa
1199 3828 1248 3901 qui
1271 3837 1350 3890 tenes

270 3898 401 3977 Cynthiae
412 3905 488 3978 rupis
504 3906 668 3978 eacumiua;
689 3912 778 3979 tuque
791 3909 885 3983 beata,
901 3927 964 3983 quae
979 3928 1093 3967 auream
1106 3909 1211 3984 Ephesi
1231 3914 1350 3986 domum

269 3983 391 4054 habitas,
407 3984 436 4038 in
450 4001 507 4054 qua
520 3985 665 4058 magnifice
679 3993 707 4044 te
722 3989 821 4045 colunt
832 3987 980 4066 Lydorum
993 3991 1093 4065 puellae
1106 4010 1114 4061 3
1147 3998 1233 4065 tuque
1254 3995 1349 4068 patria
1411 4010 1412 4039 1

269 4071 369 4120 nostra
382 4062 444 4134 des,
459 4061 564 4138 AEgida
585 4075 653 4139 quae'
671 4067 838 4141 moderaris,
854 4073 933 4128 urbis
954 4088 1058 4145 praees
1081 4070 1236 4130 Mineruae
1259 4076 1349 4146 etqui

268 4141 431 4202 Postumiam
448 4146 578 4207 obtinens
592 4157 700 4221 petram
715 4165 779 4206 cum
801 4149 881 4208 tedis
893 4151 995 4228 fulges,
1011 4151 1166 4228 Delphicas
1185 4154 1261 4212 inter
1275 4154 1347 4214 Bac·

267 4225 335 4284 cher
350 4224 571 4297 conspiciendus,
586 4231 781 4288 comndssator
791 4229 931 4291 Bacchus.
1211 4257 1214 4263 ·

308 4299 431 4366 CHOR.
450 4302 549 4377 Quum
562 4325 615 4370 nor
636 4309 693 4370 hue
713 4311 924 4386 profectionem
947 4313 1122 4394 moliremur,
1136 4315 1274 4377 convenit
1295 4332 1345 4375 nor
