2875 4984
532 326 773 401 EQUITES.
1134 280 1193 397 ιιι

143 486 236 551 Mc,
257 484 332 548 Ecce
343 506 413 549 vero
426 490 562 550 merum!
582 490 698 567 Ergone
710 492 747 549 de
760 495 832 567 potu
847 488 899 549 tibi
913 488 1030 567 agitari
1052 494 1100 567 qni
1121 500 1191 556 re'ro
1206 532 1212 541 -

84 571 180 627 utile
192 570 262 643 quid
275 572 479 645 excogitaverit
493 572 579 630 bomo
592 572 788 630 temulentus?

140 649 249 707 DEM.
271 648 364 724 Itane,
379 654 398 710 ὂ
412 653 510 724 stulte,
528 652 644 726 ineptis,
658 672 735 726 aqna
748 668 776 711 te
789 652 983 727 ingurgitans?
1006 656 1128 713 audesne
1148 657 1192 714 ri·
1253 710 1258 723 ,

83 748 173 787 ιιιιιιι
187 732 364 804 calumniari,
381 738 413 789 ut
426 735 561 792 eruendae
576 736 661 790 menti
682 736 776 791 minus
797 732 951 790 idoneum?
974 739 1101 808 possisne
1123 755 1190 795 vero

82 811 250 883 quidpiam
263 813 330 867 vino
351 813 477 869 invenire
499 812 658 871 efficacius?
680 812 799 871 viden’?
827 830 914 884 quum
930 822 1032 888 potant
1050 816 1189 891 homines,

81 898 176 948 tnnc
189 893 333 949 ditescunt
334 894 473 967 ‚negotia
481 900 634 985 peragunt,
652 895 771 951 vincunt
783 894 857 967 lites,
870 894 945 951 beati
970 895 1055 968 fiunt,
1069 906 1188 971 prosunt

82 973 212 1028 amicir.
234 972 287 1029 Sed
300 973 369 1029 eder
382 974 450 1031 mihi
464 973 524 1031 cito
537 974 596 1032 riui
610 976 757 1052 congium,
771 980 893 1031 mentem
913 980 944 1032 ιιι
963 976 1088 1053 strigem,
1102 982 1131 1034 et
1144 978 1187 1034 di·

84 1069 165 1107 carn
181 1053 303 1123 lepidum
316 1054 457 1125 quiddam.
557 1085 561 1090 x

137 1129 226 1188 NIC.
247 1132 304 1189 Hei
318 1134 405 1193 mibi!
425 1134 493 1206 qnid
508 1135 590 1191 nobis
601 1131 708 1191 iacies
700 1130 763 1191 οῐιιιι
773 1132 932 1235 tuoputul

139 1210 243 1269 Dnnl.
265 1211 356 1269 Bona.
377 1213 430 1272 Sed
444 1216 534 1271 affers
556 1233 609 1288 ego
622 1234 691 1272 rere
703 1217 876 1273 decumbam
899 1211 1012 1271 brenim
1033 1214 1187 1275 inebriatus

79 1292 101 1347 s
101 1310 195 1358 uero
210 1294 305 1349 omnia
316 1293 371 1350 ista
383 1312 565 1369 conspergam
579 1297 747 1367 coneiliolis‚
762 1297 946 1365 sententiolis,
960 1302 990 1353 et
1003 1298 1174 1354 ratiunculis.

133 1370 224 1431 NIC.
246 1371 395 1431 Ofactum
417 1376 498 1449 bene,
513 1374 592 1447 quod
611 1375 801 1451 deprehensus
824 1394 882 1433 non
904 1376 956 1449 lui,
981 1394 1069 1447 quum
1091 1380 1187 1436 vinum

82 1454 179 1509 intus
192 1453 324 1511 furarer!

140 1530 244 1593 DEM.
268 1533 321 1591 Dic
333 1532 414 1607 mihi,
428 1534 495 1606 quid
509 1536 579 1595 t'aeit
590 1534 758 1609 Paphlago?

137 1611 224 1671 Nic.
245 1612 398 1687 Postquam
413 1615 518 1688 liguriit
528 1619 689 1691 publicatos
703 1618 783 1672 cibos
793 1614 869 1671 mola
879 1630 1059 1689 conspersos,
1073 1615 1182 1691 impro-

49 1762 54 1767 ι
82 1694 154 1751 bus
168 1695 217 1750 ille
230 1696 324 1751 stertit
339 1695 444 1768 ebrius,
460 1698 489 1752 in
505 1698 591 1754 coriis
604 1697 719 1771 supinus
727 1696 834 1771 jacens.

137 1772 241 1831 DEM.
263 1774 363 1849 Agesis
377 1774 495 1835 infunde
508 1778 576 1835 mihi
587 1778 646 1852 jam
660 1778 756 1832 vinum
771 1777 898 1849 largiter.

136 1852 171 1910 N
174 1852 226 1911 lc,
248 1853 328 1929 Cape
337 1853 397 1927 jam
411 1856 545 1932 libamen,
558 1867 589 1915 ct
601 1860 660 1915 liba
674 1856 758 1913 Bono
773 1854 868 1913 Genio
883 1873 892 1912 ι
915 1855 1007 1929 trahe,
1023 1853 1104 1911 trabe
1127 1872 1181 1932 po.

82 1934 206 1990 tionem
220 1933 297 1991 Geni
311 1932 446 1992 Pramnii.

138 2013 240 2073 DEM.
262 2014 290 2071 Ο
303 2014 384 2071 Bone
397 2012 483 2085 Geni,
498 2021 575 2073 tunm
590 2024 633 2074 est
644 2017 701 2074 hoc
714 2014 875 2089 consilium,
890 2032 949 2071 nou
963 2030 1066 2069 meum.

134 2092 221 2152 NiC.
243 2094 308 2168 Die,
324 2098 455 2169 obsecro,
469 2096 612 2167 quidest?

136 2173 238 2232 DEM.
261 2174 387 2233 Oracula
400 2177 459 2233 cito
472 2171 662 2251 Paphlagonis
676 2177 747 2233 elam
762 2175 938 2245 ellendune,
951 2172 1017 2229 dum
1031 2173 1148 2233 dormit.

134 2252 222 2313 Nic:
243 2256 286 2312 At
298 2257 360 2313 haec
374 2254 450 2313 Geni
464 2257 582 2314 consilia
595 2276 696 2315 rereor
709 2274 745 2313 nc
758 2255 832 2314 maii
843 2274 903 2313 esse
908 2254 1131 2349 deprehendam.

138 2334 240 2392 DEM.
262 2336 394 2411 Agedum
419 2338 538 2410 ipsemet
561 2339 629 2395 mihi
650 2338 809 2395 admovebo
834 2338 976 2409 congium,
1000 2340 1033 2391 ut
1058 2340 1180 2392 mentem

81 2416 219 2490 irrigem,
232 2422 261 2473 et
273 2417 363 2473 dicam
375 2418 498 2491 lepidum
508 2420 650 2489 quiddam.

133 2495 166 2554 N
169 2497 219 2555 lc
241 2496 334 2562 Quam
348 2498 430 2555 valde
445 2497 591 2573 Paphlago
603 2498 698 2556 stertit
710 2502 739 2553 et
753 2496 848 2591 pedit!
871 2494 996 2553 Proinde
1010 2495 1093 2553 facile
1108 2497 1180 2552 clam

83 2596 129 2635 eo
152 2595 262 2635 saemm
276 2578 348 2635 illud
371 2580 519 2636 oraculum
545 2581 659 2652 abstuli,
678 2578 784 2648 quod'
777 2595 837 2649 ipse
859 2578 981 2632 maxima
1004 2576 1182 2679 custodiebat

82 2676 173 2716 cura.

134 2736 235 2797 DEM.
259 2725 489 2813 Osolertissime‚
506 2739 576 2796 cedo
590 2738 671 2811 illud,
686 2743 721 2793 ιιι
740 2738 841 2809 legam.
893 2734 939 2793 Tu
963 2752 1032 2790 vero
1056 2750 1180 2806 propere

84 2820 191 2876 vinum
210 2819 338 2877 infunde.
360 2820 423 2896 Age
443 2821 552 2878 rideam
573 2820 707 2892 quidnam
727 2817 774 2873 hic
797 2816 874 2873 insit.
917 2812 1121 2873 Oraticiuia!
1142 2815 1180 2879 (ιι
1225 2828 1231 2835 ·

85 2900 164 2957 mibi
178 2902 314 2973 poculum
330 2901 397 2959 cito.

133 2978 220 3038 NIC.
243 2979 357 3037 Eccum.
398 2978 474 3047 Quid
489 2982 530 3037 ait
543 2940 715 3037 oraculum?

132 3058 236 3117 DEM.
258 3060 490 3119 Aliudinfunde.

132 3138 218 3198 NiC.
242 3138 349 3197 Estne
342 3160 370 3196 ιιι
385 3142 525 3198 vaticiniis
538 3141 611 3198 istnc
625 3138 721 3197 Aliud
733 3108 874 3212 infunde.
870 3134 886 3179 ⁹

132 3219 238 3277 DEM
261 3220 405 3279 OBacis!

132 3298 450 3367 NlC.Qurdre1csti

133 3378 235 3439 DEM.
257 3380 383 3439 Demrhr
397 3383 528 3455 poculum
543 3380 611 3437 erto

131 3460 215 3530 NIC.
238 3460 424 3534 Saepiuscule,
439 3461 557 3535 opinor,
574 3460 656 3516 Bacis
669 3473 736 3514 usus
749 3462 792 3514 est
804 3457 923 3529 poculo.

132 3540 234 3599 DEM.
257 3540 315 3597 0
306 3559 418 3613 impure
432 3539 589 3614 Paphlago,
603 3558 709 3613 ergone
732 3537 797 3594 ideo
811 3538 928 3594 carebas
947 3533 1065 3610 dudum,
1079 3532 1179 3595 formis·

87 3625 164 3681 dans
176 3622 262 3693 istud,
278 3624 355 3694 quod
369 3622 407 3678 de
417 3629 445 3677 te
459 3622 563 3677 editum
577 3626 630 3689 est,
646 3616 817 3675 oraculum?

132 3699 216 3760 Nic.
238 3700 386 3768 Quidum?

134 3780 235 3839 DEM.
258 3780 314 3839 Hic
326 3785 430 3852 exstat,
445 3798 501 3851 quo
514 3779 622 3853 pacto
613 3797 675 3853 ipse
686 3784 795 3851 pereat.

134 3860 219 3919 NIC.
241 3859 374 3928 Quonam
388 3860 480 3918 vero?

134 3939 234 3997 DEM.
256 3941 412 4008 Quonam?
435 3939 594 3998 Oraculum
620 3938 781 4011 planissime
800 3937 879 4009 dicit,
893 3942 928 3993 ut
950 3938 1043 4012 primo
1061 3934 1179 3994 exsistat

36 4075 40 4082 ι
90 4028 244 4093 stuparum
257 4025 402 4091 venditor
418 4023 466 4094 qui
481 4021 588 4094 primns
602 4020 802 4092 rempublicam
816 4018 935 4074 tenebit.
1204 4090 1213 4098 ¹

135 4099 222 4159 Nlc.
246 4100 352 4160 Unus
339 4121 399 4177 Jam
412 4104 465 4159 iste
478 4109 521 4158 est
533 4101 674 4157 venditor.
715 4097 794 4164 Quid
811 4098 968 4169 posthaeci·
983 4114 1120 4159 memora.

136 4180 235 4251 DEM.
256 4180 326 4243 Post
338 4184 412 4243 bunc
423 4200 517 4255 rursus
531 4181 672 4256 pecudum
684 4179 757 4244 alius
771 4179 911 4239 venditor.
969 4229 972 4237 ,
