2875 4984
366 399 796 476 scotsssszusm
1103 419 1165 480 rer
1268 382 1273 390 ’

127 559 241 628 BLEP.
262 567 345 626 ltane
357 587 417 628 non
432 575 558 645 poteras,
572 571 736 644 prinsquam
750 589 785 629 eo
798 569 865 647 ires,
879 586 939 628 rem
953 567 1022 630 mihi
1034 569 1138 632 dicere.

123 647 253 787 PtRAX.
273 649 391 709 Mulieri
409 659 515 726 praesto
528 671 587 710 esse
607 654 770 728 oportebat,
784 653 831 710 cui
843 659 901 710 tam
924 668 1017 730 prope
1036 653 1164 718 meabat

81 748 137 804 par
152 749 196 788 ns.

123 809 240 871 BLEP.
263 811 366 870 Saltem
381 813 449 870 mihi
462 779 586 871 dixisses.
628 813 681 872 Sed
694 816 789 871 subest
802 814 848 871 hie
861 812 970 889 aliquid
983 817 1060 873 maii.

120 890 251 950 PRAX.
273 891 354 964 Non,
370 913 421 967 per
434 894 563 953 Cererem
578 901 608 952 et
620 894 831 969 Proserpinam.
853 894 906 953 Sed
920 897 994 953 sicut
1003 903 1065 955 tum
1078 915 1165 971 cmm,

79 971 152 1030 abii.
195 973 332 1048 Rogabat
344 976 418 1031 enim
432 993 476 1050 ea,
491 993 553 1050 quae
567 995 611 1034 me
624 979 794 1048 arcessebat,
808 982 841 1033 ut
854 995 938 1050 quam
953 977 1085 1038 citissime
1097 998 1167 1054 pos·

78 1070 155 1124 sem,
171 1055 206 1111 ad
219 1073 279 1112 sese
291 1057 371 1113 irem.

123 1133 240 1192 BLEP.
262 1134 344 1193 Itane
357 1153 425 1193 vero
440 1154 498 1192 nnn
513 1139 668 1209 oportebat
681 1146 710 1196 te
723 1139 889 1196 vestimenta
901 1144 952 1198 tua
964 1139 1094 1198 sumere?
1116 1141 1166 1200 sed

79 1222 238 1289 postquam
251 1235 296 1273 me
309 1217 376 1272 meis
389 1235 516 1289 exueras,
532 1219 639 1292 injecto
657 1220 725 1276 mihi
737 1227 789 1276 too
809 1220 944 1297 amiculo,
959 1223 1064 1294 abiisti,
1078 1225 1165 1280 relin-

80 1315 175 1371 quens
187 1315 232 1354 me
246 1304 376 1370 tanquam
389 1307 543 1373 mortuum,
559 1300 610 1357 nisi
624 1302 698 1373 quod
712 1319 772 1358 non
786 1303 931 1359 coronasti
944 1321 999 1379 me,
1015 1321 1106 1375 neque
1123 1305 1166 1363 le·

82 1379 203 1457 cytisum
220 1378 387 1452 adposuisti.
635 1403 640 1408 ·

125 1457 253 1517 PRAX.
276 1456 379 1533 Frigus
388 1459 460 1516 eninr
471 1465 551 1530 erat3
573 1479 627 1536 ego
637 1468 732 1520 autem
741 1463 853 1538 gracilis
861 1467 890 1520 et
902 1465 988 1536 panio
1003 1462 1163 1536 infirmior;

81 1543 209 1613 ideoque
223 1545 255 1596 ut
267 1541 435 1612 calefierem,
449 1543 503 1598 ista
515 1543 595 1599 indui
608 1562 616 1600 r
640 1550 669 1600 te
678 1562 748 1600 vero
757 1544 787 1600 in
799 1545 894 1602 calore
899 1543 1042 1618 jacentem
1050 1550 1080 1602 et
1091 1551 1166 1604 etra-

81 1623 161 1699 guiis
175 1620 290 1694 reliqui,
306 1622 343 1678 mi
358 1621 411 1678 rir.

125 1699 241 1760 BLEP.
264 1699 415 1760 Laconica
440 1709 533 1761 autem
547 1722 615 1762 meae
630 1710 725 1761 tecum
739 1704 883 1781 abierunt,
897 1709 928 1762 et
950 1705 1069 1763 baculus
1089 1721 1167 1763 meus

82 1784 182 1842 simul.
695 1819 698 1828 ι

125 1861 254 1922 Punx.
279 1861 322 1921 Ut
336 1864 452 1936 paliium
481 1869 587 1939 tuerer,
602 1883 679 1923 meos
704 1882 770 1923 cum
794 1867 848 1923 tuis
872 1866 984 1925 calceos
1003 1867 1124 1945 mutari,
1138 1871 1169 1934 te

82 1947 211 2015 imitans,
225 1952 255 2003 et
268 1943 389 2018 pedibus
401 1963 515 2019 sonans,
531 1953 560 2003 et
572 1947 679 2020 lapides
692 1944 796 2003 feriens
809 1948 924 2004 bacuio.

129 2023 245 2084 BLEP.
267 2025 342 2083 Scin’
357 2027 444 2099 igitur
457 2026 580 2083 amisisse
593 2033 621 2083 te
634 2028 723 2086 tritici
735 2026 901 2102 sextarium,
916 2044 999 2101 quem
1019 2044 1074 2103 eqo
1087 2043 1170 2086 acce·

83 2109 200 2185 pissem,
212 2107 235 2165 si
248 2106 381 2164 concioni
394 2103 604 2164 interfuissem?

126 2187 208 2246 PRA
214 2190 250 2246 X.
273 2187 320 2245 Ne
331 2187 467 2244 sollicitus
481 2189 537 2245 sis:
561 2204 625 2244 nam
639 2205 743 2244 marem
757 2187 870 2263 peperit
883 2203 1013 2261 puerum.

127 2267 244 2327 BLEP.
267 2266 403 2326 Concio?

126 2347 255 2408 PRAX.
277 2348 348 2408 Non
362 2353 493 2407 ecastor:
518 2350 566 2406 sed
580 2349 682 2406 mulier
694 2347 745 2406 iiia
757 2349 794 2406 ad
807 2361 893 2420 quarn
910 2348 959 2406 iri.
1000 2344 1121 2422 Verum,
1136 2366 1167 2406 o·

84 2434 187 2508 mabo,
202 2432 336 2489 habitans
348 2437 391 2488 est
404 2429 527 2489 concio?
878 2451 884 2462 ·

128 2511 242 2571 BLEP.
265 2509 313 2568 Ita
325 2513 429 2572 hercle.
472 2510 504 2570 N
505 2531 543 2570 on
557 2511 723 2570 memineras
736 2527 782 2569 me
795 2511 847 2569 tibi
860 2508 924 2568 heri
936 2509 1062 2570 dixisse?

128 2591 255 2652 PRAX.
278 2593 321 2649 At
333 2594 406 2651 enim
420 2611 494 2650 nunc
508 2593 684 2650 reminiscor.

129 2672 246 2732 BLEP.
268 2671 332 2730 Nec
347 2674 435 2749 igitur
449 2691 512 2748 qua
525 2673 586 2732 illie
598 2673 712 2732 decreta
724 2677 794 2730 sunt
806 2669 906 2729 nosti?

128 2753 252 2813 PRAX.
275 2752 328 2812 Pol
339 2755 440 2812 horum
456 2755 526 2814 nihil
538 2753 617 2813 nori.

129 2833 244 2894 BLEP.
266 2833 338 2894 Sede
350 2836 538 2912 igitursepias
548 2837 661 2894 esitans.
690 2829 867 2893 Vobisenim
875 2828 1080 2906 rempublicam
1088 2846 1170 2890 man.

86 2919 186 2977 datam
199 2935 259 2976 esse
269 2915 379 2975 dicunt.
1079 2926 1082 2935 ²

128 2996 252 3056 Pmnx.
273 2996 352 3066 Quid
365 3002 399 3054 ut
412 2996 546 3056 iaciamus
559 2997 570 3056 ἓ
594 2993 747 3057 texamus?

128 3077 246 3137 BLEP.
269 3076 340 3136 Non
353 3078 449 3138 hercle
464 3099 474 3152 3
498 3080 546 3139 sed
560 3086 593 3136 ut
605 3076 819 3137 administretis.

128 3157 258 3219 Pssx.
277 3157 442 3230 Quanam?
471 3175 476 3182 ’

129 3241 241 3300 BLEP.
263 3239 327 3307 Res,
336 3259 445 3314 omnes,
459 3257 523 3312 qna
538 3239 573 3298 ad
587 3240 734 3298 civitatem
747 3237 889 3298 adtinent.

129 3320 254 3381 Pasx.
276 3319 497 3396 Perveneram,
512 3323 658 3380 beataerit
672 3321 771 3378 ciritae
783 3320 814 3379 in
828 3323 984 3397 posterum.

128 3401 245 3462 BLEP.
266 3401 480 3470 Quamobrem?

127 3483 252 3543 PRAX.
273 3483 377 3541 Multis
390 3484 425 3542 de
439 3484 541 3542 causis.
583 3481 652 3543 Non
665 3482 738 3542 enlm
749 3482 906 3540 audacibus
919 3477 989 3537 viris
998 3475 1097 3536 licebit
1109 3479 1172 3535 tur·

87 3567 138 3642 pia
149 3567 180 3624 in
195 3582 257 3622 eam
271 3570 300 3622 at
312 3564 429 3640 indigna
447 3573 563 3640 patrare
586 3565 732 3641 deinceps,
742 3582 837 3640 neque
851 3563 912 3619 ullo
931 3559 1019 3619 modo
1042 3558 1172 3616 testimo·
1274 3635 1282 3649 ,

85 3649 164 3705 nium
177 3646 279 3703 iaisnm
294 3645 399 3720 dicere,
414 3665 508 3719 neque
521 3645 676 3704 criminari.

128 3725 243 3786 BLEP.
265 3725 448 3800 Nentiquam,
462 3745 514 3802 per
528 3730 596 3787 deos
620 3730 753 3802 obsecro,
768 3725 842 3782 istuc
857 3721 972 3798 feceris,
990 3737 1082 3794 neque
1104 3715 1174 3776 mihi

86 3810 197 3869 rictum
209 3825 301 3866 meum
313 3809 432 3867 auferas.

112 3886 250 3949 *CHOlt
272 3886 300 3945 0
315 3889 352 3946 mi
366 3889 464 3961 homo,
479 3890 564 3948 sinito
578 3907 697 3947 uxorem
712 3887 817 3946 dicere.

126 3969 251 4030 PRAX.
274 3967 342 4026 Non
355 3970 574 4045 despoliatorem
587 3988 658 4043 esse,
673 3988 734 4028 non
746 3969 872 4027 inridere
884 3965 983 4024 vicinis
995 3981 1004 4036 3
1034 3960 1176 4021 nemiuem

85 4054 205 4126 nudum,
221 4051 358 4108 neminem
372 4069 526 4128 pauperem
540 4069 610 4128 esse,
625 4070 684 4109 non
700 4050 866 4125 conviciari,
879 4066 940 4106 non
954 4047 1078 4122 pignora
1096 4043 1178 4100 ade·

88 4131 234 4190 bitoribns
247 4132 373 4190 auferre.

127 4209 254 4272 CHOR.
277 4209 332 4270 Per
347 4210 529 4290 Neptunum,
545 4231 648 4288 magna
661 4211 828 4286 pollicetur,
842 4209 897 4269 nisi
910 4209 1078 4268 mentiatur.

129 4291 259 4353 PRAX.
282 4293 325 4350 At
339 4293 368 4350 id
382 4313 435 4370 ego
448 4297 581 4353 effectum
595 4295 684 4368 dabo,
697 4294 739 4350 ita
751 4300 784 4351 nt
803 4309 872 4350 vera
894 4293 998 4350 dixisse
1019 4287 1088 4346 midi
1114 4285 1177 4341 tute

89 4374 126 4434 sis
140 4376 233 4446 testis,
248 4379 278 4434 et
292 4374 338 4431 hie
350 4373 412 4450 ipse
427 4376 497 4434 nihil
511 4375 707 4434 contradicere
723 4376 825 4450 possit.

129 4455 254 4516 cflolt.
276 4453 366 4515 Nune
378 4456 490 4516 demum
502 4458 580 4515 'illud
594 4461 649 4532 est,
662 4474 749 4530 quum
774 4463 803 4514 te
816 4452 988 4530 prudentem
1008 4447 1135 4541 animum
1149 4447 1180 4501 et

91 4538 320 4613 philosophicam
347 4539 552 4617 cogitationem
572 4538 699 4600 excitare
712 4542 841 4614 oportet,
853 4536 990 4594 scientem
1010 4527 1179 4589 mulieribus
