2875 4984
234 365 292 424 nr
603 336 982 410 rnmrorunnrs

301 512 422 572 PRAX.
444 509 690 570 Subnixissiealis
705 510 891 568 reluctabor:
913 507 1094 582 nequeenim
1116 505 1211 565 media
1224 501 1363 581 preben-
1403 539 1404 568 n

262 595 325 653 dar.
1405 623 1406 627 ,

302 670 406 732 MUL.
422 670 447 731 Ι.
464 669 527 730 Nos
540 676 646 745 autem,
658 673 682 729 si
696 678 724 730 te
736 672 884 730 sublimem
894 669 1019 744 rapiant,
1028 669 1159 728 amittere
1167 664 1359 744 jubebimus.

303 752 408 812 MUL.
424 751 466 812 Il.
488 751 560 810 Haec
574 755 684 827 quidem
697 752 781 810 nobis
796 754 915 826 pulchre
931 752 1055 826 cogitata
1073 755 1158 807 snut:
1189 749 1272 807 illud
1287 763 1362 803 vero

150 837 153 844 ’
263 851 323 895 ηοη
337 836 524 909 praevidimns,
539 852 664 906 quonam
685 834 772 906 modo
792 852 891 892 manus
913 834 1014 890 tollere
1027 839 1098 889 tunc
1116 828 1360 889 meminerimus:

264 917 373 994 quippe
387 935 445 972 nou
460 933 570 991 manns,
585 916 634 973 sed
647 917 731 990 pedes
745 916 847 973 tollere
859 916 982 972 adsueta
995 931 1099 970 sumus.

305 996 425 1055 PRAX.
448 994 506 1053 Res
521 997 574 1055 iste
587 997 703 1054 difficilis
717 1004 781 1052 est:
795 1003 888 1052 temen
897 995 1081 1053 extendenda
1092 1009 1192 1051 manus
1198 992 1238 1048 ab
1249 991 1360 1047 burne·

264 1097 300 1136 ro
314 1079 487 1136 nudantibus
499 1077 616 1134 alterum
632 1077 788 1135 brachium.
831 1075 863 1134 N
865 1095 921 1134 une
933 1083 1026 1133 autem
1039 1076 1126 1150 agite,
1135 1072 1360 1131 vestessuccin-

264 1162 333 1235 gite,
351 1159 506 1215 induamini
527 1159 658 1216 citissime
682 1157 841 1216 Laconicus
864 1159 985 1228 calceos,
1000 1155 1237 1230 quemadmodum
1257 1153 1358 1210 virum

264 1239 376 1312 videtis,
392 1257 479 1313 quum
503 1239 532 1295 in
556 1240 735 1309 concionem,
749 1245 801 1295 aut
824 1240 902 1296 foras
925 1238 1044 1313 singulis
1064 1238 1162 1294 diebus
1175 1237 1271 1293 iturus
1301 1239 1357 1290 est.

265 1319 342 1380 Tum
355 1339 436 1392 sero,
450 1337 538 1392 quum
551 1339 585 1378 es
597 1339 627 1378 sc
640 1323 711 1380 bene
722 1319 884 1393 habuerint,
898 1321 999 1376 barbas
1008 1318 1088 1375 vobis
1101 1317 1235 1391 adligate.
1251 1315 1357 1383 Quum

264 1419 335 1460 vero
350 1403 421 1459 bene
434 1402 601 1474 compositas
615 1403 676 1460 illas
699 1402 769 1459 scite
783 1398 949 1476 optaveritis
971 1400 1065 1473 vobis,
1079 1404 1148 1456 tunc
1160 1400 1246 1455 etiam
1270 1397 1356 1453 viro-

266 1501 330 1540 rum
345 1484 439 1556 pallia,
452 1499 513 1554 quae
528 1483 713 1554 subduxistis,
728 1481 830 1540 ceteris
843 1480 1051 1556 superinjicite,
1064 1486 1095 1537 et
1107 1478 1217 1537 bacidis
1231 1480 1355 1549 innixae,

264 1565 397 1632 incedite,
414 1564 552 1621 canticum
565 1564 672 1638 aliquid
685 1565 773 1623 senile
780 1571 924 1635 canentes,
934 1580 1015 1619 more
1025 1562 1198 1618 rusticorum
1208 1559 1353 1616 incitatae.

306 1642 409 1702 MUL.
426 1641 469 1702 ΙΙ.
492 1643 732 1703 Beneautumas:
765 1663 817 1702 nos
838 1651 933 1702 autem
948 1660 1103 1717 praeeamns
1124 1642 1191 1698 illis.
1233 1639 1313 1720 Nam
1326 1642 1358 1694 et

266 1725 334 1782 alias
349 1733 419 1798 puto
434 1743 468 1780 ex
482 1727 554 1798 agris
563 1727 592 1782 in
607 1724 731 1802 Pnycem
746 1733 878 1782 venturas
890 1726 1081 1783 exadvorsum
1093 1723 1237 1780 mulieres.

307 1803 430 1862 PRAX.
454 1801 564 1861 Verum
574 1807 715 1864 festinato.
758 1805 875 1880 Quippe
887 1824 951 1862 mos
963 1811 1018 1879 est,
1032 1811 1065 1862 ut
1078 1803 1125 1876 qui
1138 1821 1227 1876 usque
1239 1821 1259 1859 a
1270 1817 1356 1859 mane

266 1883 296 1942 in
308 1883 406 1962 Pnyce
414 1902 473 1942 non
484 1886 648 1957 adsuerunt,
659 1890 764 1944 abeant
774 1906 809 1944 ue
822 1888 968 1944 minimum
978 1885 1091 1959 quidem
1101 1884 1174 1942 lueri
1183 1883 1354 1942 referentes.

307 1963 428 2024 CHOR.
451 1964 653 2042 Progrediendi
668 1975 780 2041 tempus
798 1975 852 2043 est,
870 1967 980 2044 deiri,
1008 1967 1038 2024 id
1049 1967 1127 2025 euim
1139 1983 1192 2023 nos
1215 1981 1355 2023 memores

267 2047 361 2106 dicere
377 2055 518 2121 perpetuo
534 2056 663 2123 oportet,
679 2067 714 2106 ne
727 2050 805 2108 torte
818 2050 901 2108 nobis
925 2047 1059 2106 excidat:
1090 2048 1273 2120 nequeenim
1295 2063 1355 2101 me·

267 2129 365 2186 diocre
380 2130 537 2202 periculum
551 2132 635 2187 nobis
655 2130 739 2204 adsit,
753 2132 778 2189 si
799 2130 1042 2205 deprehendamur
1054 2145 1193 2204 aggressae
1207 2129 1267 2205 tale
1283 2127 1356 2184 laci·

272 2227 327 2266 nus
340 2211 369 2264 in
383 2210 516 2265 tenebris.
1318 2210 1323 2215 '

307 2287 400 2345 SEM.
422 2285 525 2344 Eamus
539 2289 567 2344 in
582 2290 761 2360 concionem,
778 2288 796 2346 ὂ
810 2290 885 2360 riri3
916 2308 981 2348 nam
995 2289 1192 2349 interminatus
1205 2294 1251 2347 est
1265 2288 1356 2348 Thes·

268 2370 397 2426 motheta
418 2369 454 2439 ei,
470 2369 591 2440 quinon
606 2372 698 2442 primo
719 2388 812 2443 mene,
826 2372 924 2429 offusis
946 2372 1100 2428 etiamnum
1121 2371 1247 2428 tenebris
1269 2388 1355 2444 super

268 2455 385 2519 terram,
400 2449 510 2504 venerit
524 2452 640 2523 pulvere
654 2467 822 2524 conspersus
844 2470 904 2524 prm
927 2451 1123 2526 festinatione,
1135 2454 1241 2510 acerba
1262 2460 1354 2523 tuens,

268 2530 367 2586 alliata
379 2529 471 2586 muria
485 2537 645 2603 contentus,
656 2533 681 2588 ei
695 2528 890 2605 inquam,'n0n
898 2534 1032 2591 daturum
1042 2551 1072 2591 se
1082 2539 1140 2590 tres
1150 2535 1267 2591 obolos.
1288 2534 1352 2606 Sed,

270 2608 289 2670 ὂ
306 2607 503 2680 Charitimida‚
515 2618 605 2684 tuque
618 2612 773 2691 Smicythe,
784 2622 813 2672 et
822 2613 926 2688 Draee,
936 2632 1055 2687 sequere
1062 2614 1274 2687 festinabunde‚
1286 2633 1352 2690 ope·

269 2708 329 2748 ram
344 2691 425 2762 dans,
441 2701 471 2748 ut
485 2693 554 2750 nihil
568 2696 680 2752 aberres
694 2697 731 2752 ab
745 2694 790 2769 lis,
804 2714 868 2768 quae
883 2703 910 2753 te
923 2697 981 2753 illic
990 2696 1091 2752 effecta
1100 2696 1292 2755 dareneeesse
1301 2702 1351 2754 est.

269 2769 401 2832 Ceterum
414 2775 546 2850 symbolo
559 2783 679 2848 accepto
701 2793 794 2850 prope
808 2779 927 2834 invicem
940 2777 1097 2850 sedeamus,
1110 2783 1143 2832 ut
1160 2793 1195 2832 ea
1218 2778 1353 2836 decerna·

269 2872 332 2911 mus
345 2855 449 2924 omnia,
464 2872 527 2925 quae
540 2856 694 2912 amicarum
709 2865 870 2914 nostrarum
885 2860 915 2915 in
930 2876 988 2916 rem
1008 2860 1081 2916 bene
1095 2857 1272 2918 conducant.
1314 2859 1353 2917 At

269 2935 419 3006 veroquid
433 2934 539 3006 loquor
552 2933 563 2990 Ξ
586 2941 747 2994 amicorum
760 2940 835 2994 enim
849 2940 944 2997 dicere
957 2938 1124 2996 debueram:

309 3011 399 3072 SEM.
423 3011 498 3072 Vide
521 3021 664 3074 autemut
688 3020 881 3091 propellamus
905 3021 985 3092 istos,
1001 3020 1049 3091 qui
1061 3036 1098 3078 er
1111 3022 1190 3076 Astu
1211 3019 1351 3089 veniunt3

269 3092 319 3166 qui
334 3094 443 3167 quidem
457 3095 588 3168 antehac,
603 3116 691 3170 quum
707 3100 821 3157 unicum
833 3102 948 3159 obolum
960 3100 1124 3176 acciperent
1136 3100 1173 3157 ad
1186 3102 1352 3158 concionem

269 3176 425 3243 venientes,
440 3176 575 3233 sedebant
589 3179 824 3239 confabulantes:
854 3188 1038 3240 nuncautem
1053 3201 1113 3256 prae
1137 3182 1224 3237 turba
1241 3180 1351 3240 molesti

269 3260 345 3314 sunt.
386 3255 429 3314 At
442 3256 515 3314 enim
530 3262 615 3328 quum
629 3261 747 3319 Archon
761 3269 824 3320 erat
835 3281 986 3338 generosus
1007 3263 1056 3320 ille
1069 3261 1254 3340 Myronides,
1271 3281 1351 3320 nemo

268 3353 351 3392 ausus
362 3334 461 3394 suisset
469 3356 484 3395 e
493 3339 657 3412 reipublice
668 3343 910 3404 administratione
923 3345 1079 3403 mercedem
1092 3345 1185 3401 terre:
1200 3345 1251 3420 sed
1261 3347 1352 3401 venie-

269 3417 320 3473 bat
334 3418 522 3492 unusquisque
536 3421 565 3500 in
586 3424 702 3479 sacculo
723 3424 829 3482 habens
848 3433 950 3500 potum
963 3426 1048 3482 simul
1061 3442 1218 3498 penemque
1233 3432 1265 3481 et
1285 3427 1352 3482 duas

269 3515 364 3573 cepas,
377 3505 487 3569 tresque
498 3502 587 3558 olivas
602 3503 724 3560 circiter.
767 3503 798 3561 N
800 3525 854 3564 une
867 3512 962 3564 autem
976 3507 1132 3564 triobolum
1149 3505 1283 3578 accipere
1300 3525 1351 3579 pe.

269 3580 388 3714 {tulepn
398 3596 485 3717 qutum
500 3582 604 3656 aliquid
614 3584 737 3658 publiaae
748 3587 789 3642 rei
802 3587 920 3664 faciunt,
933 3589 1014 3662 quasi
1023 3587 1092 3646 viles
1105 3586 1242 3663 operarii,
1253 3587 1302 3659 qui
1311 3589 1352 3644 lu·

285 3677 331 3718 um
356 3678 451 3718 erun.

348 3813 573 3894 BLEPYRUS,
589 3815 664 3878 VIR
678 3819 862 3896 QUIDAM,
877 3821 1080 3901 CHREMES,
1094 3821 1274 3902 CHORUS,

669 3925 942 3988 PRAXAGORA.
1001 3932 1005 3941 “

310 4047 421 4110 BLEP.
443 4053 521 4124 Quid
534 4058 589 4116 hoc
604 4060 644 4116 rei
657 4062 721 4118 est?
745 4059 962 4130 Quonammihi
976 4063 1195 4121 uxorevanuit?
1218 4081 1285 4120 uam
1295 4045 1347 4120 cir-

268 4147 302 4188 ea
315 4131 458 4192 Auroram
473 4137 530 4194 dies
544 4146 603 4210 est3
626 4141 675 4196 ille
688 4146 782 4199 autem
795 4161 855 4199 non
867 4148 999 4214 apparet.
1028 4142 1070 4200 At
1081 4162 1136 4218 ego
1145 4143 1232 4218 jaceo
1241 4143 1347 4218 jamdiu

269 4213 454 4289 marturiens,
469 4221 559 4275 soleas
573 4222 726 4292 quaeritans
741 4223 771 4279 in
785 4224 910 4280 tenebris
921 4229 952 4280 et
966 4222 1084 4297 pallium
1097 4243 1107 4281 :
1130 4231 1280 4298 postquam
1300 4243 1347 4280 au·

268 4299 325 4385 tem
339 4294 406 4352 illud
421 4299 549 4356 manibus
572 4301 698 4360 studiose
712 4305 851 4361 tentando
864 4321 924 4360 non
948 4306 1032 4378 potui
1046 4305 1185 4378 iuvenire,
1196 4306 1259 4380 jam
1280 4322 1346 4362 uero

263 4391 382 4468 januam
397 4379 495 4437 aderat
509 4381 623 4454 pultem
638 4381 790 4458 Capreas,
806 4385 861 4442 hoc
874 4403 929 4459 ego
941 4387 1039 4444 uxoris
1053 4404 1122 4445 meae
1134 4387 1290 4445 amiculum
1304 4404 1347 4443 ca·

266 4467 330 4528 pro,
343 4457 463 4532 ejusque
477 4459 602 4520 Persicas
615 4463 713 4524 induo.
757 4463 810 4522 Sed
826 4466 940 4524 ubinam
957 4466 1040 4526 loeus
1053 4473 1098 4526 est
1109 4467 1260 4527 secretus?
1289 4469 1347 4526 ubi·

266 4551 333 4593 nam
347 4541 494 4600 commode
508 4544 687 4606 creaverim?
720 4550 751 4607 at
762 4564 830 4611 saue
842 4553 934 4609 noctu
947 4549 1112 4625 ubieunque
1124 4567 1227 4612 cacare
1247 4554 1345 4612 rarat:
1409 4548 1410 4551 ’
