2875 4984
275 331 338 396 sos
600 320 999 390 lsrsromsnmrs

271 491 329 554 suis
343 485 479 551 corollisr
500 503 567 548 nom
587 489 721 550 sacerdos
739 490 803 567 ejus
824 489 892 550 mibi
903 489 1077 549 documento
1091 487 1195 548 lucret.
1235 487 1377 548 Aniculn
1421 502 1422 513 ¹

270 592 355 650 vero,
369 589 457 648 qnnm
479 569 541 648 jum
560 572 712 647 strepitum
734 591 828 632 meum
841 572 971 643 sentiret,
984 588 1070 629 muno
1084 571 1171 629 ollum
1193 571 1375 631 subtrahere
1421 576 1422 625 ξ

271 661 377 715 concta
388 658 453 712 estu
474 671 528 730 ego
541 659 648 728 autom,
663 654 759 712 subilo
770 653 859 723 edito,
873 653 1018 712 mordicus
1030 669 1091 711 com
1105 650 1229 727 sdripni,
1243 669 1310 710 non
1323 671 1375 710 re.

271 753 323 796 cue
336 752 371 794 ac
382 734 406 792 si
416 751 516 809 parcus
528 735 626 810 unguis
640 735 775 795 inisscmr
797 736 846 794 illu
858 752 928 793 roro
940 735 1086 808 extemplo
1097 749 1214 791 menum
1226 733 1373 806 retruxit,

268 817 420 898 jacuitque
434 815 541 893 quiete,
554 816 688 892 strugnlis
708 815 850 892 involuto,
866 833 926 893 prae
938 822 1016 874 motu
1039 812 1143 872 risienr
1153 815 1287 873 oocrbim
1302 833 1372 872 rnu-

269 900 353 960 otcln.
394 897 499 975 Atcgo
512 904 584 956 tunc
599 899 705 956 bonum
722 903 832 974 portum
845 897 934 972 pultis
945 896 1107 956 obsorbuit
1136 900 1203 972 post
1223 893 1370 972 impletus

269 981 415 1120 reqiiililvlii.
434 1057 513 1119 Deus
525 1076 595 1118 vero
607 1059 645 1117 od
656 1077 708 1118 ros
718 1077 779 1117 non
790 1054 960 1119 accederet?

310 1139 407 1202 CAR.
429 1139 576 1200 Nondum.
616 1137 749 1199 Postbaec
771 1141 856 1199 etium
873 1139 1021 1198 ridiculum
1043 1137 1177 1212 quiddam
1190 1136 1273 1196 ieci:
1295 1153 1371 1194 mom

270 1223 423 1282 accedente
434 1223 499 1298 ipro
518 1221 699 1282 robcmenter
714 1220 866 1284 admodum
881 1220 1004 1298 pepcdir
1026 1237 1091 1278 num
1103 1225 1201 1278 venter
1215 1236 1295 1278 meus
1318 1219 1367 1276 in.

268 1303 358 1364 flatur.
367 1307 440 1362 erut.

308 1381 412 1444 MUL.
434 1381 545 1442 Mirum
558 1381 588 1440 ni
598 1382 640 1440 illi
653 1399 789 1441 nurrmm
802 1381 934 1446 mororis.

311 1462 410 1524 CAR.
425 1461 566 1524 Minimcu
581 1480 679 1523 rernm
688 1462 761 1523 Jsso
774 1464 913 1539 quodum,
923 1481 987 1537 quic
1001 1461 1094 1537 ipsum
1104 1462 1288 1537 sequebatur,
1297 1479 1368 1517 ern·

267 1545 354 1607 buit:
374 1553 406 1606 ct
422 1543 555 1606 Punuccn
575 1561 637 1605 soro
658 1546 774 1620 evertit,
786 1545 904 1604 omibus
926 1543 1116 1620 comprcssisz
1138 1560 1204 1602 num
1217 1542 1286 1602 thus
1308 1558 1368 1617 ego

271 1647 333 1689 non
414 1643 443 1686 o.

308 1627 414 1769 Miliiad.
437 1705 506 1780 Ipse
518 1711 612 1764 cotem
626 1705 729 1766 Dens?

306 1786 403 1848 CAR.
425 1785 473 1846 No
486 1787 514 1844 id
528 1786 643 1860 quidem
656 1787 752 1846 burele
764 1784 885 1846 cururlt.

198 1887 202 1896 ·
307 1865 413 1928 Mun.
435 1864 544 1940 Utique
552 1867 723 1926 inurbanum
736 1867 815 1926 bunc
827 1867 910 1928 doum
923 1881 985 1926 esse
996 1865 1079 1925 ulicis.

307 1948 405 2008 CAR.
426 1945 604 2023 Neuliqusm
618 1949 733 2008 borclcr
755 1949 804 2014 serl
817 1947 1018 2007 merulirorum.

306 2027 414 2090 MUL.
427 2027 509 2088 'Hem
522 2027 635 2090 scelus!

307 2108 406 2171 CAR.
427 2108 499 2170 Post
509 2110 560 2168 illu
573 2111 689 2185 meipso
701 2111 786 2174 etism
795 2109 941 2183 externplo
954 2105 1095 2182 cooperui
1103 2103 1225 2164 timens:
1247 2106 1297 2164 ille
1309 2125 1365 2163 sn.
1419 2132 1423 2142 ι

265 2194 325 2250 tem
336 2191 390 2250 irit
400 2191 508 2249 circum
522 2192 610 2262 circs,
622 2191 739 2249 morbos
749 2188 902 2265 inspiciens
910 2205 1008 2253 omncs
1018 2194 1096 2246 rccte
1108 2187 1262 2247 admodum
1274 2195 1365 2260 utque

266 2271 389 2332 ordine:
412 2270 512 2330 deinde
525 2287 596 2346 puer
607 2270 635 2330 ci
646 2267 790 2346 lapideum
801 2269 1002 2329 mortariolum
1008 2269 1154 2346 urlposuit,
1168 2274 1199 2328 et
1213 2268 1362 2345 pistillum,

266 2359 297 2412 et
310 2351 466 2426 cspsnlunr.
1274 2365 1277 2372 ·

307 2429 414 2491 MUL.
436 2427 590 2506 Lapideum
603 2427 616 2488 i

307 2509 405 2571 CAR.
426 2507 497 2571 Non
511 2508 608 2572 burele
619 2512 748 2587 inquom,
758 2529 818 2569 non
831 2510 922 2586 ipsum
936 2511 1092 2586 ospsnlum.

306 2590 413 2652 MUL.
433 2592 478 2650 At
492 2608 561 2656 reto
573 2609 633 2668 quo
646 2595 734 2654 modo
745 2593 871 2672 ridcbus,
886 2593 906 2653 b
927 2591 1108 2666 terreuefice,
1120 2590 1170 2667 qui
1187 2595 1217 2651 te
1236 2607 1362 2666 cooper.

267 2677 330 2738 ium
343 2670 535 2737 inmodicis?
1262 2711 1268 2722 ι
1285 2669 1291 2679 “
1420 2732 1421 2735 ,

310 2753 405 2816 CAR.
427 2751 484 2814 Per
497 2755 666 2829 pulliolnmc
692 2756 744 2833 pol
766 2754 841 2815 cuim
865 2754 1008 2813 foramine
1029 2752 1155 2812 bubebst
1175 2767 1237 2811 nou
1257 2767 1359 2827 ponem
1420 2738 1421 2811 i

265 2833 365 2898 Primo
376 2839 474 2911 ltaque
487 2835 622 2896 Neoclidi
635 2837 868 2897 medicumcntum
881 2837 917 2892 ud
925 2835 1090 2897 illinendum
1103 2832 1192 2909 ooepit
1202 2838 1308 2906 terere,
1316 2834 1359 2890 in·

263 2918 350 2996 jectis
363 2918 496 2976 alliorum
510 2913 667 2976 Tuniornm
685 2917 777 2977 tribus
800 2916 964 2992 capitibus:
986 2917 1090 2975 deinde
1112 2915 1247 2974 contudit
1266 2913 1358 2974 illato

266 2999 421 3074 mortorio,
435 2996 591 3056 admiscens
612 2999 718 3074 gummi
731 3005 762 3057 et
781 2999 913 3056 scillumr
943 2997 987 3056 bis
1008 2997 1109 3057 deindo
1131 3001 1214 3054 nocto
1239 2995 1358 3070 perfusis

266 3075 412 3154 Spbottio,
425 3077 534 3136 oblevit
552 3078 579 3136 ei
592 3078 743 3154 pnlpcbror
755 3083 917 3138 extrorsum
930 3097 1038 3154 uersos,
1049 3083 1082 3138 ut
1101 3076 1281 3138 cruciaretur
1300 3093 1358 3135 mu·

266 3159 320 3235 gis.
361 3157 460 3218 Atilio
468 3157 723 3235 rociiorunsstqnc
732 3161 939 3237 circumlegit
948 3161 1086 3220 exiliensc
1108 3161 1271 3233 ipsesntenr
1282 3155 1359 3216 Deus

266 3238 363 3299 ridens
374 3238 467 3298 dixit:
491 3236 622 3315 Hicjam
636 3241 703 3300 sede
714 3240 859 3320 perlitus,
870 3248 906 3301 ot
918 3259 985 3302 mco
997 3259 1090 3320 opero
1102 3241 1222 3300 dortour
1233 3239 1357 3298 interes·
1419 3308 1420 3317 χ

267 3336 300 3379 rc
314 3321 459 3396 concioni,
472 3323 700 3399 possisquceom
713 3321 845 3397 eiurare.
1139 3341 1142 3344 ·
1419 3326 1420 3363 l

308 3399 414 3461 MUL.
436 3399 530 3470 Quum
545 3420 642 3461 umam
655 3404 820 3479 reipublice
832 3402 936 3463 ostilio
948 3402 1027 3463 Dens
1039 3399 1214 3478 etsupiensl

308 3479 406 3542 CAR.
428 3479 565 3542 Posthinc
585 3481 674 3543 Pluto
688 3483 817 3557 adsodit3
840 3492 871 3544 et
885 3485 1103 3560 primoquidem
1115 3488 1204 3559 csput
1226 3489 1357 3554 ottrccts·

269 3562 330 3623 ritr
355 3562 458 3622 deinde
480 3583 556 3640 puro
568 3565 684 3624 sudario
697 3571 803 3639 sumto,
813 3567 966 3642 palpebras
988 3564 1250 3627 circumobstorsitr
1268 3566 1357 3627 Ponu-

270 3662 322 3704 cso
335 3662 405 3704 uero
418 3645 564 3704 obvelavit
582 3645 609 3703 ci
629 3651 718 3722 cuput
738 3660 884 3728 purpureo
903 3646 1064 3723 involucro,
1075 3653 1105 3705 et
1125 3647 1228 3706 sociem
1246 3654 1355 3709 totum:

269 3725 372 3784 deinde
385 3723 464 3784 Deus
478 3725 614 3801 sibilavit,
628 3735 716 3803 utque
738 3730 936 3802 prosiluerunt
947 3729 1028 3790 illico
1040 3747 1057 3789 o
1069 3728 1193 3788 dclubro
1213 3736 1360 3808 scopentur

270 3805 328 3864 sino
340 3808 455 3866 immuni
470 3809 673 3880 magnitudine.

310 3884 416 3946 MUL.
426 3944 430 3950 ,
440 3887 487 3947 Dii
501 3889 569 3947 boni
581 3889 590 3949 i

313 3963 408 4026 CAR.
433 3969 484 4027 lsti
497 3979 589 4030 nutum
604 3971 691 4031 tacite
704 3989 876 4048 purpnrcnm
890 3972 1071 4031 iurolncnrm
1082 3971 1249 4048 subeuntes,
1261 3972 1355 4050 palpo

271 4045 340 4106 bros
354 4046 635 4126 circumlambebat,
647 4059 681 4112 ut
700 4054 768 4112 mibi
780 4055 894 4128 quidem
914 4053 1086 4127 ridebutnr3
1108 4059 1139 4111 ct
1150 4053 1313 4129 prinsquam
1323 4059 1356 4115 tu

272 4126 399 4186 heminas
411 4131 468 4188 vini
483 4133 579 4192 decem
594 4135 734 4210 ebiberes,
745 4133 855 4211 Plutus,
865 4135 934 4194 born
943 4154 1018 4212 mco,
1030 4135 1157 4195 surrexit
1169 4135 1276 4194 ridens.
1294 4133 1354 4212 Ego

274 4218 370 4269 nutem
386 4212 477 4286 plunsi
491 4232 550 4288 prae
565 4217 679 4292 gaudio,
693 4216 848 4293 horumque
859 4218 992 4277 excitari.
1033 4217 1153 4277 Atticus
1162 4219 1258 4276 stutim
1267 4235 1295 4276 sc
1306 4219 1355 4275 ub-

273 4293 390 4358 scoudit
401 4292 511 4374 ipsiquo
523 4305 668 4375 serpentes
680 4299 711 4361 in
720 4298 884 4363 delubrum.
923 4297 984 4372 Qui
995 4297 1188 4377 uutcmjurtu
1203 4299 1294 4376 lpsnm
1305 4315 1353 4358 cu·
