2875 4984
299 382 360 441 296
614 372 1011 441 sursuopflnms

298 532 426 600 turones?
446 537 523 595 uude
535 538 705 599 advolarunt
718 540 899 615 perditissimi
908 540 974 599 ad
961 556 1076 616 Joumm
1088 539 1157 603 urihi
1170 540 1327 601 sancimus
1315 494 1408 602 hisi·E
1384 568 1408 618 ·¹

300 625 386 690 ciues,
398 620 486 693 pulli
485 618 644 678 Chaeddis?

339 700 473 760 BOEOT.
495 700 548 759 Me
561 703 677 760 volente
685 720 765 772 sane,
779 704 893 777 hospos,
901 704 1043 762 abieriut'
1033 722 1064 762 ιιι
1075 704 1176 761 melam
1187 721 1264 777 rem,
1276 705 1321 762 ita
1333 704 1408 760 mihi

297 782 394 841 faveat
409 782 527 840 lolaus·
550 802 614 840 nam
629 784 694 841 inde
707 802 725 839 a
736 783 843 841 Thebis
857 803 934 859 pone
944 804 990 843 me
1002 786 1114 856 flantes,
1133 787 1218 843 otiam
1232 787 1328 843 liores
1346 805 1408 859 pu·;

298 866 364 939 legii
376 860 548 938 depulerunt
567 865 655 922 humi.
699 864 764 939 Sed,
779 867 803 923 si
820 868 910 943 lubet,
929 884 992 925 eme
1011 868 1158 941 quidpiam
1178 869 1408 943 istarumque

297 946 372 1017 fero,
391 947 481 1019 gallos
494 946 673 1019 gallinaceos,
688 953 738 1003 aut
751 948 872 1005 cicadas

337 1024 420 1083 DlC.
443 1025 471 1083 0
486 1028 562 1083 salve
575 1025 718 1099 Boeotule,
729 1030 861 1085 collisum
875 1028 984 1099 helluo,
998 1028 1068 1100 quid
1081 1026 1164 1085 fers?

337 1106 442 1165 BOET.
464 1106 610 1179 Quidquid
627 1111 743 1165 omniuo
756 1111 825 1167 boui
839 1116 881 1166 est
894 1110 972 1180 apud
989 1107 1119 1178 Boeotos‚
1131 1108 1300 1181 origanum,
1313 1107 1408 1180 pule·
1406 1157 1408 1166 ,

295 1189 387 1265 pium,
402 1196 510 1245 storeas
513 1190 686 1265 ,ellychniu,
700 1197 808 1264 unates,
821 1192 965 1265 graculos,
977 1197 1136 1265 croginus,
1159 1189 1337 1263 phalerides,
1351 1195 1407 1245 re?

316 1272 378 1327 ulos
404 1288 463 1325 mer
484 1288 557 1326 os·-

294 1290 314 1345 g
335 1309 414 1407 DI'C.
436 1289 516 1425 Εῗςο
529 1349 608 1423 quasi
622 1355 783 1425 tempestas,
798 1368 864 1423 quae
877 1368 942 1409 ans
954 1350 1058 1409 sternit
1071 1350 1163 1426 humi,
1176 1350 1285 1408 venisti
1295 1350 1333 1407 ad
1344 1343 1407 1407 ιἰι

293 1444 367 1489 i'tlm.

333 1508 471 1569 BOEOT.
488 1510 567 1579 Quin
589 1511 674 1570 etiam
694 1512 758 1568 sero
776 1528 897 1581 anseres,
910 1513 1036 1586 lepores,
1050 1514 1161 1587 volpes,
1172 1498 1280 1587 talpas,
1293 1514 1385 1570 erina-

294 1612 371 1661 ceos,
385 1594 466 1663 soles,
484 1593 626 1669 pyctidas,
641 1595 743 1666 lutras,
759 1595 898 1667 anguillas
912 1592 1061 1665 Copaicas.

332 1671 414 1731 mc,
437 1672 466 1730 0
479 1676 525 1745 qni
539 1673 727 1731 suavissimum
752 1675 854 1745 piscem
873 1673 931 1729 fers
951 1674 1123 1742 homiuibus,
1134 1673 1172 1729 da
1184 1673 1257 1730 mihi
1273 1673 1385 1747 copiam
1406 1723 1407 1730 ,

288 1756 353 1814 illas
363 1756 513 1819 salutandi,
527 1755 615 1810 silens
628 1756 775 1828 anguillas.

332 1832 461 1891 BOEOT.
484 1834 613 1907 Maxima
625 1834 767 1910 virginum
790 1834 998 1909 quinquaginta
1010 1832 1178 1908 Copaidum,
1193 1834 1251 1909 exi,
1270 1840 1304 1892 et
1321 1834 1385 1891 huic

289 1915 578 1990 hospitigratificare.

329 1990 410 2053 DIC.
446 1994 474 2053 Ο
499 1995 678 2053 dilectissima
700 2000 732 2051 et
759 1996 867 2051 dodum
893 1994 1030 2068 expetitu,
1057 1995 1157 2052 venisli
1188 1994 1384 2054 desiderabilis

290 2076 406 2133 comicis
433 2077 536 2146 choris,
571 2094 654 2151 gruta
679 2078 764 2147 rium
787 2074 944 2151 hlorycho.
987 2073 1050 2132 Vos
1079 2076 1181 2132 famuli
1203 2078 1314 2134 efferte
1340 2077 1383 2133 io-

289 2158 382 2213 culnm
395 2158 463 2215 mihi
483 2159 537 2214 huc
560 2164 590 2213 ot
610 2158 765 2213 flabellum.
806 2156 951 2229 Spectato,
973 2158 1067 2229 pueri,
1088 2158 1317 2228 pulcherrimam
1335 2176 1382 2213 an·

286 2239 415 2310 guillam,
440 2256 503 2309 quae
525 2239 693 2307 desiderata,
716 2238 765 2293 vix
786 2237 898 2293 demum
925 2245 1009 2295 sexto
1027 2238 1109 2294 veuit
1128 2254 1226 2295 anuo:
1261 2240 1381 2296 salome

287 2317 423 2391 ipsam-,d
440 2318 511 2375 lilii:
534 2336 640 2392 prunas
658 2324 751 2374 aulem
773 2320 855 2374 vobis
875 2319 1022 2391 praeheha,
1037 2316 1124 2391 hujus
1137 2318 1265 2391 hospitae
1280 2320 1379 2393 gratia.

286 2396 340 2455 Sed
353 2399 432 2454 intro
444 2399 526 2456 auser
539 2402 627 2469 ipsam
639 2415 648 2467 ;
670 2414 815 2469 nunquam
828 2400 903 2455 enim
915 2418 980 2475 ogo,
995 2415 1032 2453 ne
1044 2405 1172 2455 mortuus
1179 2400 1311 2475 quidem,
1327 2401 1379 2457 sins

284 2483 316 2536 ts
329 2478 412 2536 velim
427 2496 497 2551 esse,
510 2480 532 2534 si
544 2496 604 2535 cum
617 2479 690 2533 betis
704 2484 788 2534 cocta
798 2478 846 2534 sis.
987 2531 990 2535 Δ

325 2556 459 2617 BOEOT.
482 2558 578 2633 Hujus
592 2565 685 2615 autem
699 2558 823 2631 pretium
836 2576 896 2631 quo
909 2565 996 2633 pacto
1012 2558 1081 2616 mihi
1092 2558 1242 2616 solvetur?

324 2638 405 2697 DIC.
428 2638 511 2697 Hanc
524 2641 604 2697 dabis
618 2640 685 2697 mihi
699 2646 833 2712 tunquam
847 2642 969 2716 vectigal
982 2641 1052 2697 lori.
1092 2638 1146 2697 Sed
1166 2641 1265 2713 siquid
1284 2642 1377 2701 uend'u

283 2736 321 2779 ex
336 2722 436 2778 ceteris
450 2721 519 2787 istis,
534 2722 589 2778 din.

323 2800 460 2859 BOEOT.
484 2800 620 2875 Equidem
635 2799 741 2858 omnia.

321 2880 401 2939 Dic.
424 2880 515 2959 Cedo,
530 2882 630 2956 quanti
649 2899 683 2939 ea
702 2880 844 2938 aestimas?
864 2884 917 2937 aut
928 2879 1000 2938 uliae
1013 2879 1082 2939 hine
1098 2898 1205 2939 merces
1219 2883 1264 2941 ris
1278 2901 1374 2959 repor-
1406 2931 1407 2942 ι

279 2964 482 3021 iaredomnm.
1406 2965 1407 2970 ’

321 3041 458 3101 Β(ΕοΤ.
481 3038 626 3116 Quidquid
640 3041 763 3099 Athenis
775 3045 829 3113 est,
844 3040 922 3114 quod
935 3060 995 3099 non
1008 3042 1045 3099 sit
1057 3042 1138 3115 apud
1150 3041 1283 3103 Boeoios.

321 3122 401 3179 DIC.
425 3122 525 3197 Aptius
538 3125 635 3197 itaque
648 3142 722 3179 emes
736 3132 766 3179 et
778 3124 949 3197 asportahis,
964 3130 1016 3179 aut
1027 3122 1137 3181 fictilia.
1148 3165 1152 3187 ,

321 3201 454 3259 BOEOT.
476 3204 585 3277 Apoas,
605 3205 707 3276 inquis,
732 3210 784 3259 aut
805 3200 924 3259 fictilia?
946 3205 1026 3276 atqui
1052 3204 1115 3261 haec
1136 3208 1205 3261 sunt
1223 3203 1306 3278 illic;
1326 3208 1371 3265 sed
1406 3261 1407 3270 ,

279 3284 357 3358 quod
374 3284 452 3355 apud
464 3300 517 3340 nos
531 3302 589 3341 non
604 3292 655 3354 est,
669 3286 715 3340 hic
728 3291 820 3342 antem
834 3283 952 3341 affatim.
1406 3345 1407 3348 ,

320 3361 401 3421 DlC.
423 3362 566 3437 Equidem
587 3367 666 3422 scio:
690 3371 808 3438 asporta
828 3364 916 3439 igitur
934 3365 1202 3443 quadruplatorum,
1225 3367 1303 3426 sicut
1326 3386 1372 3429 uas

278 3444 365 3504 fictile
376 3446 502 3519 ligatum.

316 3524 453 3583 BOEOT
476 3525 522 3583 Ite
535 3544 581 3583 mo
594 3524 728 3583 Dioscuri
739 3530 846 3594 ament,
861 3525 970 3588 sciliout
988 3528 1107 3587 multum
1126 3528 1368 3605 lncrifacerem,
1348 3547 1368 3586 ιι

172 3594 173 3597 “
276 3604 457 3678 abducerem,
472 3613 608 3679 tanquam
621 3607 730 3663 simiunr
743 3608 856 3682 flagitiis
869 3606 963 3664 multis
975 3609 1099 3679 plenum.

317 3685 400 3747 Dic.
423 3686 478 3746 Sed
498 3704 595 3747 eccum
618 3688 766 3746 commodo
788 3689 845 3746 huc
863 3687 1128 3791 uenitNicarchus
1137 3690 1191 3749 istc
1207 3691 1369 3767 quempian

275 3768 454 3907 deliaffllisi'.
474 3844 572 3905 Parum
585 3850 684 3923 utique
696 3856 811 3907 staturae
825 3849 872 3909 hic
884 3854 938 3909 est.

315 3926 476 3987 DIC..Sed
489 3928 561 3991 nihil
571 3928 625 3987 nisi
638 3932 775 4005 nequitia.

283 4016 284 4019 ’
315 4006 399 4067 ΝΙΟ.
423 4008 573 4084 Cujusnam
587 4019 652 4083 sunt
664 4012 725 4068 istae
737 4007 869 4068 merces?

295 4086 449 4187 'BOEOT
472 4088 568 4167 Hujus
581 4092 712 4169 hominis,
729 4093 797 4167 mei,
811 4092 935 4163 iuquam,
948 4108 987 4149 ox
999 4089 1127 4151 Thebis:
1152 4092 1233 4172 tqstis
1253 4092 1293 4151 sit
1313 4090 1365 4152 Ju-

272 4177 399 4313 pltieiriC.
420 4247 523 4326 Itaque
535 4252 614 4313 hicce
626 4272 680 4331 ego
693 4252 748 4312 ista
760 4251 867 4322 deiero,
881 4256 984 4326 utpote
995 4252 1122 4313 hostilia.
