2875 4984
330 367 907 466 THES‘MOPHORIAZUSAE.
1121 385 1164 446 ti

71 537 108 594 et
123 553 190 596 enm
204 531 316 610 adligar
336 534 439 595 ddnde
451 533 497 598 hic
509 537 635 595 looatmn
655 538 777 610 custodi,
790 556 844 612 nee
856 557 1024 615 quemquern
1038 541 1078 621 sd
1096 561 1162 606 cunr

73 617 216 676 accedere
226 619 306 690 sine;
328 617 375 674 sed
389 615 529 690 flagellum
544 626 656 691 lenens,
670 619 758 688 cede,
771 618 795 676 si
807 624 955 681 accemnr
968 621 1078 696 aliquis.

116 695 226 755 MUL.
242 693 314 762 v11,
335 697 382 757 Sic
404 699 507 774 edepol
531 708 607 762 recte
617 700 712 774 jubes.
755 697 861 760 Parum
880 705 955 762 enim
976 703 1079 782 abluit,
1091 707 1163 780 quin

73 780 168 836 modo
181 779 256 838 bunc
269 780 335 838 mihi
348 777 471 854 eriperet
484 787 628 839 veterator
639 781 817 859 nescioquis.

115 857 241 918 MNFS.
263 859 291 917 0
313 859 446 938 Prytani,
461 864 581 922 obsecro
596 867 624 920 te
645 879 695 936 per
714 863 951 938 dextrnm‚quem
971 865 1044 924 soles
1065 860 1163 928 ceram

73 942 239 1015 porrigere,
254 958 386 1000 nummos
401 943 425 998 si
446 942 509 1016 quis
531 941 680 1020 obtulerit,
701 948 832 1019 exiguum
853 945 922 1017 quid
937 945 1018 1024 nihi,
1034 951 1163 1024 quamtis

71 1023 234 1096 morituro,
249 1020 432 1098 gratificare?
693 1095 697 1104 .

117 1100 344 1180 Pilumno
359 1105 410 1162 tibi
419 1103 574 1182 gratificer.

117 1181 243 1242 MNES.
265 1183 400 1244 Vestibus
424 1186 561 1243 nudulum
576 1204 622 1245 me
639 1185 711 1261 jube
732 1191 765 1243 nt
780 1183 868 1245 lictor
880 1185 986 1264 adliget
1008 1189 1105 1266 asseri,
1126 1210 1164 1252 us

64 1266 206 1359 ¹crocotis
233 1272 263 1324 et
282 1268 372 1325 mitris
392 1265 509 1324 indutus
528 1268 572 1326 rir
593 1283 680 1328 senex
701 1266 791 1326 risum
811 1268 953 1342 probem
972 1274 1077 1350 eorvis,
1096 1273 1163 1332 dnm

72 1361 127 1405 eos
178 1365 263 1404 susm.

119 1363 244 1485 Ppile'.
267 1427 307 1485 At
320 1445 389 1486 vero
413 1423 768 1487 hinccindutum'Ssnatui
788 1430 877 1487 risum
899 1436 942 1488 est
964 1436 994 1490 te
1015 1433 1106 1510 ligari,
1128 1439 1165 1494 ut

76 1509 315 1580 pretereuntium
330 1509 450 1582 quilibet
464 1511 558 1568 rideat
569 1509 719 1568 manifesto
732 1512 881 1568 scelestum
895 1518 1001 1571 teate.

119 1587 244 1648 MNFS.
260 1589 460 1666 *Jappepaeexl
483 1589 643 1659 dcrocota,
663 1590 730 1664 quid
743 1591 812 1648 mihi
824 1590 941 1650 fecisti?
962 1611 1023 1650 non
1040 1600 1085 1654 est
1104 1612 1163 1653 uns·

77 1669 153 1744 plius
167 1689 232 1744 spes
246 1673 305 1728 ulla
316 1673 424 1730 salutis.
1205 1675 1210 1684 '

82 1787 84 1795 ι
120 1747 246 1822 CHOR.
267 1753 354 1828 Agite
368 1769 441 1812 nunc
454 1751 596 1827 ludamus,
609 1749 684 1809 sicut
697 1769 758 1809 mos
771 1749 818 1809 hic
829 1758 873 1809 est
883 1755 1058 1828 mulieribus
1071 1773 1162 1829 qnan-

77 1831 118 1894 do
134 1831 295 1891 venerenda
308 1832 431 1892 Deorum
452 1835 532 1910 orgia
551 1833 630 1892 lestis
654 1833 831 1907 temporibus
852 1837 1034 1908 celebramus,
1048 1855 1110 1910 que
1132 1845 1163 1898 ot

77 1909 194 1973 Pauson
202 1913 317 1990 jejunio
329 1917 408 1986 colit,
422 1932 497 1988 saepe
510 1915 572 1972 illas
586 1931 699 1988 rogans,
714 1921 746 1969 ut
759 1913 817 1971 ulio
839 1924 905 1990 post
917 1919 995 1976 uliud
1007 1917 1081 1974 sesto
1094 1920 1164 1980 talis

78 2012 157 2052 cnrae
172 1997 229 2052 sint
241 1995 406 2068 frequenter
415 1997 477 2055 sibi.
518 1992 618 2070 Incipe
632 1995 800 2068 tripudiare,
813 1997 913 2056 incede
922 1997 1023 2056 leviter
1034 1998 1162 2072 pedibus,

78 2078 249 2138 moretoin
274 2075 497 2151 orbem‚1nenui
518 2075 664 2152 conjunge
685 2093 809 2154 manum,
821 2079 978 2136 secundum
1001 2077 1164 2152 rhythmum

78 2157 192 2216 choree
206 2158 341 2229 quelibet
354 2157 487 2215 incedat:
509 2157 655 2232 ingredere
663 2155 807 2214 velocibus
816 2155 950 2232 pedibus:
989 2156 1163 2234 Circumspi-

78 2253 145 2296 oere
158 2255 281 2314 quoque,
296 2255 408 2296 omnem
422 2239 451 2296 iu
466 2244 574 2312 partem
588 2233 814 2296 circumferendo
827 2239 940 2308 oculos,
954 2245 1073 2312 oportet
1092 2239 1163 2299 cho·

78 2335 136 2390 ‚rese
158 2322 272 2394 orbem,
310 2319 397 2379 Simul
420 2326 451 2377 et
472 2337 561 2394 genus
585 2318 740 2378 coelestium
754 2318 873 2377 deorum
896 2320 1164 2396 canequaelibetei

79 2401 194 2462 celebra
216 2419 298 2473 uoce,
312 2401 430 2460 choreas
452 2399 606 2459 cumomni
626 2399 725 2457 laetitis
740 2398 891 2474 agitantes.
933 2398 961 2458 Si
983 2400 1049 2476 quis
1069 2411 1163 2484 autern

78 2489 177 2555 speret
198 2483 410 2543 maledicturam
423 2482 453 2540 in
467 2479 575 2556 templo
588 2497 641 2549 une,
654 2496 717 2554 quae
731 2497 794 2538 snm
813 2482 930 2556 femina,
944 2481 1023 2552 uiris,
1043 2499 1102 2543 non
1120 2502 1165 2542 re·

18 2581 21 2600 ¹
78 2574 125 2622 cte
139 2566 237 2623 sentit.
278 2563 332 2622 Sed
345 2564 557 2638 oportetrelut
570 2579 629 2620 rem
643 2579 743 2618 rursus
756 2579 870 2635 noram,
882 2561 1004 2636 primum
1020 2566 1164 2624 orbicula-

76 2646 117 2702 ris
128 2647 239 2704 choree
255 2647 424 2703 concinnum
444 2644 617 2700 constituere
629 2660 764 2718 gressum.
807 2641 935 2702 Procede
957 2646 1084 2718 pedibus,
1099 2649 1163 2720 pul·

76 2727 155 2784 chre
178 2726 318 2786 fidicinem
339 2726 409 2802 tyre
429 2742 532 2782 cuneus
550 2723 644 2793 deum,
657 2729 688 2780 et
710 2722 865 2796 arcigeram
885 2721 1015 2793 bunum,
1037 2728 1163 2802 reginum

77 2816 197 2866 castam.
238 2807 367 2882 Sernes
388 2808 473 2882 longe
489 2803 627 2880 jacnlsus,
650 2803 747 2878 prebe
765 2805 850 2862 nobis
868 2805 1025 2862 victoriam.
1067 2803 1163 2864 June-

77 2905 202 2962 nemque
214 2888 376 2962 nuptiarum
399 2886 546 2962 presidem
567 2885 692 2943 carmine
712 2884 895 2966 celebremus,
910 2894 942 2942 ut
960 2903 1015 2962 per
1029 2892 1084 2960 est,
1098 2903 1163 2961 quse

77 2971 210 3030 omuibus
228 2972 257 3027 in
281 2969 375 3028 choris
389 2969 472 3042 ludit,
487 2974 516 3024 et
528 2965 622 3024 clares
645 2967 807 3039 nuptiarum
825 2975 929 3024 serrat.
970 2963 1163 3028 Mercurium·

77 3069 135 3125 que
152 3052 320 3126 pastoralem
344 3067 456 3126 precor,
469 3065 534 3107 curn
548 3044 627 3106 Pane
639 3054 670 3105 et
684 3045 828 3126 Nymphis
847 3047 966 3115 dilectis,
978 3053 1013 3106 ut
1035 3047 1164 3110 adrideet

76 3134 165 3192 nobis
199 3134 329 3207 benigne,
363 3133 467 3188 nostris
500 3128 627 3206 gaudens
661 3127 783 3186 choreb.
824 3126 942 3187 Extolle
972 3127 1071 3203 itaque
1103 3131 1162 3190 ele·

78 3215 167 3274 eriter
179 3213 323 3288 duplicem
335 3212 488 3287 complosis
502 3211 630 3268 rnsrribus
642 3209 831 3268 saltationem.
874 3205 1028 3281 Ludemns‚
1045 3209 1064 3267 d
1077 3214 1163 3272 muli.

79 3313 153 3370 eres,
168 3296 311 3354 tinuimus
330 3299 394 3364 est3
417 3292 635 3368 jejunsmnsqne
648 3287 776 3348 omnino.
816 3288 870 3348 Sed
890 3292 933 3348 eia
953 3291 982 3348 in
997 3291 1080 3349 aliam
1095 3300 1161 3366 par.

78 3381 138 3434 tem
151 3393 250 3434 rursus
262 3385 292 3434 te
304 3374 472 3449 circumage,
486 3377 566 3430 moto
576 3371 604 3428 in
619 3387 766 3429 numerum
778 3371 866 3442 pedes
888 3373 966 3430 clara
978 3389 1048 3429 roce
1060 3376 1162 3432 modu.

78 3456 140 3520 lere
149 3474 259 3516 omnem
270 3457 440 3514 cantilenam
452 3455 530 3512 :dux
540 3458 712 3510 veronoster
720 3450 810 3510 sisbic
823 3450 1080 3524 ipsrtn‚hederiler
1088 3449 1160 3512 Beo-

78 3537 133 3596 che
152 3537 289 3604 domine:
311 3535 451 3612 egoenim
465 3542 494 3594 te
513 3531 629 3592 canticis
649 3541 678 3590 et
701 3533 899 3590 saltationibus
919 3531 1070 3592 celebrabo
1094 3531 1161 3592 Eri.

79 3635 142 3690 uun,
163 3617 184 3678 d
210 3617 333 3688 Bacche,
359 3615 476 3674 Bromie
494 3623 523 3672 et
542 3611 655 3672 Semele
674 3623 770 3688 gnate,
789 3613 884 3670 choris
902 3612 1037 3688 gaudens,
1058 3615 1162 3687 quique

77 3699 108 3760 ln
127 3700 286 3773 montibus,
312 3697 512 3777 Nympharum
532 3694 666 3753 amabiles
689 3697 765 3753 inter
786 3693 908 3770 hymnos
922 3691 1035 3765 livium,
1050 3691 1161 3768 bivium,

75 3773 163 3842 Erois'
176 3800 238 3840 cum
261 3787 346 3838 cantu
361 3788 391 3838 et
413 3779 523 3836 choreis
544 3780 648 3834 iterus:
673 3777 780 3832 circum
793 3792 863 3832 vero
884 3782 911 3832 le
932 3781 1048 3832 resonat
1060 3773 1162 3833 citha.

77 3863 164 3923 tonis
188 3861 277 3932 ucho,
291 3861 441 3936 densisque
459 3858 609 3918 frondibus
630 3857 713 3996 ofiani
733 3861 844 3914 montes
864 3862 895 3913 et
916 3855 1051 3921 umbrosi,
1068 3855 1160 3912 silrae.

78 3963 137 4019 que
149 3960 258 4005 saxosae
272 3943 402 4014 reboent,
416 3943 581 4022 circumque
600 3945 630 3999 te
669 3936 754 3998 edere
765 3935 842 4002 toliis
862 3935 1006 4014 pullulans
1025 3939 1161 4024 eepreolo

77 4027 173 4088 florae
829 4058 832 4063 ’
