2875 4984
541 302 711 379 AVES·⁴

100 468 245 532 rlsTn.
273 470 398 531 Condito
410 478 497 531 duam
510 474 621 532 urbem.

101 549 165 611 ΕΡ.
189 555 325 623 Qualem
338 560 430 610 autem
445 555 598 611 condamus
611 572 677 611 ares
692 552 813 612 urbemi

59 712 77 767 d
99 630 241 694 PISTH.
270 634 351 693 ltane
363 637 451 693 reso?
470 633 717 695 dsinistcrrimum
729 636 880 712 prolocute
892 637 1007 697 verbum
1021 637 1029 696 !
1049 636 1162 717 despice

79 731 214 772 eorsum.

100 793 165 852 ΕΡ.
192 796 360 853 Enimvero
375 795 509 869 despicio.

99 873 250 953 Plsm.
277 877 401 950 Adspice
413 893 491 933 nunc
504 883 623 936 sursum.

100 954 166 1013 ΕΡ.
192 955 348 1030 Adspicio.

100 1033 248 1095 PlSTH.
272 1035 439 1112 circumage
452 1038 569 1094 collum.

101 1114 167 1173 ΕΡ.
193 1118 259 1176 Nae
270 1120 366 1176 hercle
377 1136 471 1191 opere
487 1120 610 1192 pretium
622 1116 730 1193 secero,
745 1112 769 1175 si
784 1114 889 1177 collum
902 1120 1103 1195 distorqueam.

101 1194 252 1259 PISTH.
276 1197 415 1256 Vidistine
426 1198 495 1272 quid
507 1198 519 1255 i

102 1274 168 1335 ΕΡ.
195 1279 309 1337 Nubes
321 1282 451 1353 equidem
462 1286 491 1337 et
504 1281 616 1338 coelnm.

103 1355 251 1417 PISTH.
273 1360 381 1418 Nonne
395 1362 442 1417 hic
455 1378 524 1418 rero
537 1361 685 1418 essarium
699 1357 807 1432 polus?

103 1434 166 1495 ΕΡ.
194 1438 315 1499 Polus?
337 1440 514 1517 quopacto?

105 1512 251 1579 PlSTH.
273 1523 320 1580 Ac
329 1526 351 1578 si
364 1522 429 1596 quis
440 1523 558 1597 diceret,
571 1522 662 1580 locus.
690 1519 834 1589 Quoniam
845 1527 940 1580 autem
955 1516 1024 1582 iliud
1042 1526 1161 1585 circum.

69 1602 202 1675 rotatur,
219 1606 254 1658 et
266 1605 369 1660 transit
381 1623 431 1677 per
452 1604 558 1675 omnia,
572 1609 728 1676 propterea
749 1609 869 1660 vocatur
879 1604 979 1681 polus.
1021 1604 1086 1663 lllic
1107 1627 1160 1665 au.

68 1684 124 1735 tem
139 1682 164 1738 si
180 1685 288 1739 urbem
302 1681 494 1753 condideritis,
508 1691 538 1741 et
546 1690 630 1756 septo
643 1684 727 1739 semel
738 1681 990 1757 circumdederitis,
1000 1705 1035 1743 ex
1045 1687 1096 1745 illo
1108 1707 1160 1763 po·

68 1755 98 1813 lo
110 1763 318 1821 nominabitur
331 1766 398 1823 urbs
410 1784 419 1821 τ
442 1768 498 1837 qno
509 1767 589 1821 facto
600 1764 762 1821 homiuibus
772 1766 958 1842 imperabitis,
971 1767 1012 1825 uti
1022 1766 1158 1844 locustis3

70 1836 147 1911 ipsos
161 1852 264 1901 autem
277 1848 345 1904 deos
357 1847 499 1922 perimetis
513 1844 587 1904 same
600 1843 697 1902 Melia.

108 1920 168 1982 ΕΡ.
194 1923 349 1993 Quidum?

109 2000 251 2063 PISTH.
266 2005 301 2063 ln
311 2006 404 2066 medio
415 2007 544 2063 nimirum
557 2007 791 2063 situsairtcrram
803 2007 870 2063 hino
879 2004 1073 2067 disterminat:
1087 2015 1160 2087 tum,

71 2082 158 2141 sicuti
173 2104 244 2162 uos,
260 2089 284 2145 si
295 2090 338 2145 ire
351 2089 465 2145 velimus
480 2086 619 2160 Delphos,
635 2086 755 2143 Boeotos
771 2088 918 2143 transitum
931 2107 1073 2164 rogamus,
1085 2091 1159 2149 simi·

71 2159 138 2221 liter
152 2168 275 2239 quando
287 2169 484 2226 sacrificabunt
494 2168 621 2225 homiues
633 2169 695 2237 diis,
711 2168 764 2223 nisi
783 2168 902 2242 vectigal
925 2169 1007 2227 rubis
1032 2172 1161 2247 pendant

75 2242 122 2315 dii,
138 2264 193 2320 per
209 2250 310 2307 urbem
323 2251 443 2307 alienam
453 2246 736 2321 vestrumqucChaos
750 2248 889 2307 semorum
900 2252 1063 2309 oblatorum
1076 2252 1160 2310 nido.

75 2339 131 2381 rem
145 2346 212 2386 non
226 2332 434 2390 transmittetis.

115 2404 176 2467 ΕΡ.
201 2409 271 2483 lou,
286 2411 355 2469 iou!
377 2410 496 2471 Terram
509 2412 649 2485 obtestor,
662 2408 819 2485 decipulas,
833 2412 947 2471 nebulas
957 2415 1073 2482 circlis,
1085 2413 1160 2472 haud

76 2502 128 2557 ego
138 2500 336 2549 commentum
344 2494 465 2567 lepidius
474 2488 565 2551 audiri
577 2510 710 2566 unquam,
720 2494 792 2549 adeo
803 2500 833 2548 ut
841 2496 973 2550 lubenter
983 2501 1078 2553 tecum
1087 2514 1158 2555 con·

78 2565 142 2625 dere
157 2587 297 2645 cuperem
309 2573 383 2631 banc
396 2577 506 2647 urbem,
519 2576 542 2631 si
552 2574 629 2631 ‚idem
644 2574 733 2629 visum
746 2572 834 2628 fuerit
846 2576 945 2630 ceteris
959 2574 1063 2633 aribus.

109 2645 249 2727 ¹PISTH.
272 2652 343 2720 Quis
356 2654 443 2728 igitur
457 2663 517 2711 eam
532 2673 590 2710 rem
604 2653 673 2727 ipsis
686 2650 835 2725 exponat?

116 2726 179 2787 ΕΡ.
202 2732 291 2791 Tute.
332 2732 394 2811 Ego
408 2734 483 2791 euim
500 2752 557 2807 eas,
573 2752 661 2806 quum
675 2733 803 2789 barbarae
817 2737 907 2789 essent
924 2732 1071 2809 antidhac,
1087 2736 1158 2794 edo.

80 2808 122 2865 cui
137 2810 293 2871 humanam
307 2834 417 2889 rocem,
432 2832 520 2888 quum
532 2816 621 2889 longo
635 2821 764 2886 tempore
777 2830 833 2869 una
845 2812 968 2870 inissem.

117 2888 247 2951 PISTH.
269 2894 335 2962 Quo
349 2903 446 2970 pacto,
462 2913 568 2969 quaeso,
582 2896 657 2969 ipsas
671 2890 892 2951 convocaveris?

119 2969 179 3030 ΕΡ.
202 2974 308 3033 Facile.
350 2976 415 3034 Huc
431 2978 505 3034 enim
519 2980 665 3049 extemplo
678 2976 820 3048 ingressus
832 2975 862 3031 in
875 2973 1053 3046 fruticetum,
1066 2979 1095 3032 et
1108 2993 1158 3033 ex.

81 3050 168 3111 citata
180 3054 285 3114 deinde
298 3075 360 3114 mea
372 3058 499 3129 luscinia,
512 3058 713 3115 advocabimus
726 3074 790 3113 eas:
814 3056 869 3113 illae
884 3072 952 3113 reru
966 3062 1093 3114 nostram
1107 3076 1157 3115 ro-

83 3147 140 3189 dem
153 3136 203 3193 ubi
215 3139 411 3195 exaudiverint
423 3140 568 3196 curriculo
581 3140 744 3197 adcurrent.
827 3186 828 3189 ,

119 3211 248 3276 PISTH.
260 3220 372 3275 Alitum
385 3219 403 3276 ὂ
414 3225 445 3275 tu
455 3220 604 3294 carissime,
614 3219 747 3293 neigitur
758 3218 892 3274 consistas
904 3233 913 3287 3
928 3215 976 3273 sed
986 3217 1106 3277 obsecro
1118 3224 1158 3296 te,

83 3308 143 3365 age,
156 3314 241 3370 quam
255 3300 387 3357 citissime
398 3299 429 3356 in
443 3301 609 3357 fruticetum
623 3297 782 3373 ingredere,
796 3310 826 3355 et
840 3298 932 3356 excita
946 3297 1103 3358 lusciniam.

121 3372 179 3436 ΕΡ.
201 3380 265 3453 Age
285 3380 350 3437 vita
373 3381 441 3437 mihi
462 3400 590 3456 consors,
604 3381 699 3437 desine
719 3379 822 3454 somni,
836 3396 1037 3449 sacrorumque
1059 3378 1175 3441 modos·

81 3452 195 3516 effunde
207 3460 390 3536 hymnorum,
405 3480 478 3534 quos
490 3464 586 3519 divino
597 3479 648 3519 ore
656 3459 787 3517 flebiliter
796 3466 901 3529 cantas,
911 3476 1059 3530 meumque
1067 3464 1159 3517 tuum-

86 3550 139 3604 que
159 3541 362 3599 lacrimabilem
387 3541 456 3619 Ityn
480 3545 662 3616 complorans
684 3542 780 3599 tenelli
803 3541 860 3596 oris
881 3538 990 3609 liquidis
1017 3540 1157 3600 cantibus.

84 3608 176 3675 Purus
189 3624 328 3693 procedat
346 3641 399 3695 per
421 3628 566 3680 comantes
588 3628 671 3680 taxos
693 3622 729 3677 ad
746 3620 827 3679 Joris
848 3638 934 3693 usque
947 3620 1040 3676 sudem
1061 3638 1157 3697 sonus,

84 3694 133 3752 nbi
142 3716 230 3758 aureo
244 3703 365 3761 decorus
378 3704 456 3761 crine
468 3703 593 3760 Plroebus
607 3711 685 3761 tuum
699 3702 851 3759 exaudiens
864 3702 960 3768 melos,
975 3702 1011 3757 ad
1025 3708 1089 3757 tuos
1102 3702 1158 3758 ele·

84 3790 134 3847 gos
147 3798 326 3859 responsaus,
342 3786 435 3858 pulsat
447 3786 599 3841 eburneus
613 3784 761 3857 citharam,
775 3783 951 3854 deorumque
968 3782 1065 3839 statuit
1088 3781 1158 3838 cho.

86 3870 151 3917 ros:
173 3869 235 3922 tum
250 3884 319 3923 vero
332 3883 367 3922 ex
391 3864 591 3922 immortalium
605 3883 655 3923 ore
676 3863 738 3922 exit
760 3862 939 3922 concordans
959 3862 1040 3919 simul
1064 3862 1160 3927 divina
1244 3923 1248 3937 Χ

87 3932 230 4001 beatorum
243 3947 419 4004 acclamatio.
454 3999 458 4007 ,

255 4031 275 4103 (
278 4024 368 4084 Tibia
381 4029 460 4084 canit
472 4029 553 4085 intus
567 4026 702 4103 aliquis.)

124 4094 248 4162 PISTH.
272 4106 330 4163 Pro
351 4106 484 4181 Jupiter!
514 4108 532 4164 ὂ
556 4108 750 4168 delectabilem
759 4104 877 4165 avicula
891 4104 1010 4165 rocem!
1032 4110 1064 4163 ut
1077 4105 1165 4182 melle⁸
1227 4136 1236 4165 r

87 4180 211 4254 pertudit
223 4188 381 4248 universum
392 4188 575 4256 fruticetum!
