2875 4984
513 338 652 409 Avus.
1058 356 1115 414 uss

76 498 189 562 EURL.
211 503 351 561 Attamen
363 501 442 561 illum
457 502 560 561 exuite.

77 580 224 642 Tnocfl.
247 583 385 658 Equidem
398 582 505 657 liquide
517 584 579 641 seio
591 584 672 644 illum
685 582 743 645 boe
761 600 836 661 egre
855 586 998 647 luturumz
1030 588 1117 651 verri

44 666 125 722 tomen
135 666 231 742 grstia
242 665 322 722 iilum
333 664 568 740 expergefaciens.
1075 707 1077 716 ι

78 744 198 805 PISTH.
221 745 430 819 Molepesees:
452 748 494 803 ito
505 764 550 803 me
564 745 691 804 occidisti
704 750 793 805 metu.

82 825 193 887 EUEL.
216 826 245 885 0
257 846 302 884 me
314 826 545 886 infortunatum!
567 828 653 885 etiam
674 828 805 901 menius
821 826 888 885 mihi
910 831 1034 891 evolavit
1055 849 1115 907 pres

50 914 126 964 metu.

81 985 207 1053 PlSTH.
229 985 258 1045 0
272 993 303 1045 tu
316 987 519 1047 timidissimum
532 988 648 1061 minet,
661 1005 766 1063 puseus
781 988 896 1048 amisisti
907 992 1053 1066 graculum
1066 991 1078 1048 i

82 1066 194 1126 EUEL.
218 1067 364 1143 Dicmihi‚
380 1088 489 1144 quaeso,
502 1087 598 1137 noune
620 1075 653 1127 tu
678 1070 829 1145 prolapsus
851 1072 968 1131 emisisti
991 1073 1121 1134 coturni.

46 1149 117 1205 rem?
1093 1178 1096 1187 ·

80 1228 200 1289 PlsTss.
223 1227 294 1287 Non
308 1229 440 1303 equidem
451 1229 558 1297 beredo,

81 1309 194 1369 EUEL.
221 1308 279 1368 Ubi
293 1310 460 1395 igiturest?

80 1390 201 1449 PlSTH.
224 1392 374 1449 Avoiarit.

81 1470 192 1529 EUEh
214 1470 247 1533 Ν
248 1490 285 1529 on
299 1490 368 1547 ergo
378 1474 478 1540 amisti,
492 1472 512 1531 ὃ
526 1468 626 1531 boue?
645 1490 731 1546 quem
746 1472 819 1533 ririli
832 1492 860 1532 es
874 1473 991 1533 animo!

85 1550 140 1609 ΕΡ.
162 1554 255 1627 Aperi
269 1553 377 1625 siluam,
390 1562 421 1611 ut
434 1572 531 1613 exeam
545 1553 668 1609 tandem.

83 1630 193 1691 EUEL.
207 1632 238 1689 0
252 1632 409 1693 Hercules-i
431 1635 487 1693 hoo
499 1634 568 1708 quid
579 1634 691 1693 tundem
704 1634 905 1697 estunimoiis?
920 1652 1047 1711 queunm
1063 1638 1125 1697 heo

51 1717 85 1769 est
99 1732 263 1787 pennarum,
278 1732 340 1792 quse
354 1715 474 1789 triplicis
488 1716 580 1772 oristae
594 1714 690 1773 rstioi

84 1792 137 1852 ΕΡ.
159 1794 284 1864 Quinum
297 1796 340 1851 illi
354 1802 430 1867 sunt,
445 1798 491 1869 qui
504 1815 549 1853 me
562 1793 719 1868 quaerunt?

91 1874 205 1936 EUEL.
228 1875 386 1935 Consentes
400 1876 509 1935 Dii...
523 1917 531 1936 .
545 1876 596 1947 qui
611 1884 641 1934 te
652 1878 726 1935 mole
740 1878 875 1936 mutuasse
889 1878 1032 1939 ridentur.

85 1952 138 2014 ΕΡ.
160 1956 242 2014 Nom
252 1956 455 2031 minutiloquio,
465 1958 588 2021 formem
598 1957 724 2018 ridentes
735 1956 867 2017 elerum?
888 1958 1026 2035 Equidem
1037 1978 1125 2033 erem,

55 2034 177 2112 hospites,
190 2038 313 2095 anteisse
325 2040 422 2097 homo.

87 2116 200 2177 EUEL.
223 2117 291 2175 Tibi
306 2137 365 2178 non
379 2120 537 2177 irridemus.

86 2195 140 2257 ΕΡ.
161 2198 216 2259 Cui
226 2198 319 2275 ergo?
432 2273 434 2276 Ι

88 2276 200 2339 EUEL.
224 2280 364 2338 Rostrum
376 2285 457 2338 tuum
469 2280 553 2340 nobis
562 2280 707 2340 ridiculum
722 2281 858 2339 ridetur..

87 2357 138 2419 EP.
159 2361 280 2420 Talibus
292 2380 362 2438 ergo
376 2361 532 2437 Sophocles
545 2361 659 2436 injuriis
671 2362 769 2421 educit
782 2364 811 2419 in
834 2360 993 2437 'l'rsgoediis
1010 2380 1055 2420 me
1068 2358 1126 2421 Te-

56 2455 132 2499 reum.

89 2519 200 2580 EUEL.
223 2521 306 2581 Tune
318 2525 415 2597 itaque
427 2522 592 2583 Tereuses?
614 2529 712 2581 utrum
726 2526 784 2582 eles
797 2542 834 2581 an
849 2522 949 2599 poro?

90 2599 144 2660 ΕΡ.
166 2606 236 2661 Ales
250 2606 388 2679 equidem.

89 2679 205 2743 EUEL.
228 2686 272 2743 At
283 2686 358 2743 enim
373 2684 423 2741 ubi
433 2684 487 2743 tibi
499 2689 568 2741 suut
582 2682 705 2758 penum?

89 2760 144 2820 ΕΡ.
167 2763 371 2823 Defluxerunt.

90 2840 204 2905 EUEL.
226 2847 315 2905 Anne
327 2847 430 2905 morbo
442 2841 565 2920 aliquoi
1047 2900 1048 2905 χ

91 2920 144 2985 ΕΡ.
166 2927 300 2986 Minime.
342 2926 397 2985 Sed
412 2926 503 2986 bieme
514 2925 622 2985 eunctis
646 2925 762 2983 alitibus
777 2942 876 2999 peunae
893 2922 1043 2995 defluuut3
1075 2924 1129 2984 ite.

58 3018 164 3077 rumque
176 3011 239 3067 oliae
251 3013 436 3066 enascuntur.
477 3005 532 3065 Sed
543 3007 662 3065 dicitote
674 3005 755 3083 mihi,
773 3023 825 3063 ros
839 3006 955 3079 quinam
967 3002 1055 3065 estis?

91 3083 205 3148 EUEL.
229 3087 317 3147 Nosi
337 3090 588 3148 mortuorunm

92 3163 146 3226 ΕΡ.
168 3171 287 3245 cujates
299 3170 401 3245 gente?

94 3244 205 3310 EUEL.
229 3250 313 3309 Unde
327 3252 454 3311 triremes
467 3250 524 3307 111ae
538 3248 666 3325 pulchre
680 3254 755 3306 sunt.

93 3324 147 3389 ΕΡ.
166 3332 245 3391 Num
264 3332 418 3391 Heliastae?

93 3405 207 3473 EUEL.
226 3410 358 3470 Minime.
399 3411 454 3470 Sed
467 3410 581 3469 alterius
594 3410 692 3483 moris,
707 3408 869 3485 Apeliastae.
918 3450 922 3455 -

94 3485 145 3550 ΕΡ.
166 3492 311 3551 Seriturne
321 3494 363 3551 ibi
374 3494 443 3552 illud
457 3490 574 3550 semen?

94 3566 209 3637 EUEL.
230 3573 311 3632 Toto
323 3576 352 3633 iu
365 3591 436 3649 egro
449 3574 473 3629 si
486 3589 609 3646 quaeras,
624 3570 779 3645 pauxillum
793 3569 858 3627 inde
872 3566 956 3627 feres.

94 3645 149 3711 ΕΡ.
170 3654 259 3730 Cujus
272 3655 368 3728 itaque
380 3655 421 3713 rei
433 3653 589 3728 indigentes
603 3652 659 3710 huo
674 3648 815 3711 venietis?

96 3726 211 3793 EUEL.
233 3735 277 3795 Te
290 3737 441 3794 convenire
453 3737 607 3821 cupientes.

96 3807 151 3870 ΕΡ.
171 3816 240 3887 Qua
251 3818 287 3874 de
299 3816 353 3876 rei

97 3887 210 3955 ldUEL.
230 3897 308 3967 Quia
321 3899 439 3972 primum
454 3895 564 3970 quidem
577 3894 645 3953 olim
667 3894 755 3951 bomo
769 3891 861 3965 suisti,
875 3888 917 3947 uti
931 3904 1003 3947 uos:
1031 3906 1141 3964 orgen·-

64 3970 169 4047 tnnque
181 3980 248 4038 item
261 3978 382 4036 debuisti
396 3980 476 4052 olim,
490 3977 531 4035 uti
547 3994 598 4038 nos
611 3980 626 4046 ς’
642 3974 726 4047 idque
738 3974 762 4033 si
776 3972 986 4043 uonredderes,
995 3970 1135 4044 gaudebas

64 4050 132 4120 0¹5¹1¹,
146 4060 188 4116 uti
201 4078 275 4117 nos:
296 4060 397 4117 deinde
410 4078 480 4132 vero
493 4060 523 4116 iu
536 4058 629 4115 orium
650 4072 804 4112 conversus
822 4059 963 4125 naturum,
979 4057 1009 4109 et
1030 4056 1136 4111 terrem

66 4131 261 4198 circumrotusti
274 4146 303 4199 et
316 4157 414 4212 mare3
435 4146 466 4197 et
488 4139 593 4204 omnia,
607 4153 783 4211 quecunque
803 4135 901 4208 homo,
917 4150 1039 4205 quaeque
1061 4133 1135 4205 aris,

66 4222 192 4277 bernoni.
235 4222 278 4279 Eo
291 4222 379 4295 igitur
391 4222 534 4294 supplices
545 4218 582 4276 od
597 4226 627 4276 te
639 4217 699 4273 buc
712 4218 848 4291 venimus,
863 4215 979 4287 siquam
990 4214 1073 4272 uobis
1086 4230 1137 4269 ur.

66 4287 119 4378 ben
132 4299 256 4361 indicare
269 4303 372 4361 habeas
382 4375 386 4378 ι
397 4302 540 4370 tenellum,
554 4299 603 4360 cui
623 4297 756 4371 molliter,
770 4302 805 4355 ut
816 4298 845 4357 in
869 4296 975 4355 villosis
987 4288 1133 4369 stragulis,

66 4378 225 4442 ”wilhemus
