2875 4984
533 383 747 447 PLUTUS.
1151 395 1191 449 ⁹⁹

132 536 245 602 BLEP.
268 543 462 620 (aufugiens,
478 543 582 602 audito
595 542 792 622 Porrpertotis
805 541 944 614 nomine)
965 541 993 600 Ο
1006 539 1072 600 Rex
1085 543 1181 618 Apol·

84 621 129 700 lo,
143 627 252 698 diique,
267 641 324 698 quo
344 625 406 696 quis
419 623 533 698 fugiat?

125 704 285 764 CHREM.
295 703 406 761 Ilcustn
410 703 1181 780 ,quidagis?dtimidissimumanimal!uonnemanebis?

125 784 245 844 BLEP.
268 784 390 842 Minime
402 786 538 844 omnium.
1099 817 1108 824 -

125 865 289 924 CHREM.
311 865 381 924 Non
395 864 544 923 manebis?
566 868 614 926 sed
630 867 684 926 riri
696 867 756 925 duo
767 865 900 927 feminam
913 866 1035 942 sugimus
1049 866 1156 924 unam?

129 945 247 1004 BLEP.
270 946 425 1021 Paupertas
444 946 518 1004 enim
535 956 589 1020 est,
606 949 624 1007 ὂ
638 950 734 1026 miser,
751 966 808 1023 qua
821 967 961 1022 nusquam
976 951 1034 1006 ulla
1046 956 1114 1006 nata
1136 954 1186 1012 est

79 1028 169 1088 belua
182 1027 374 1102 pestilentior.

125 1107 288 1169 CHREM.
310 1109 371 1179 Sta,
387 1109 520 1183 obsecro,
536 1115 590 1168 sta.

124 1187 243 1248 BLEP.
266 1188 335 1247 Non
350 1209 403 1263 ego
418 1197 504 1248 certe.

124 1269 287 1330 CHREM.
310 1271 411 1366 Atqui,
426 1272 477 1327 tibi
491 1271 568 1344 dico,
579 1271 669 1329 scelus
684 1274 776 1329 multo
787 1273 940 1347 pessimum
952 1273 1075 1332 omnium
1086 1277 1174 1335 scele-

83 1371 149 1410 rum
164 1351 386 1423 admittimus,
365 1369 388 1408 sr
407 1352 488 1409 deum
503 1355 593 1410 solum
616 1354 809 1426 relinquentes
822 1355 996 1428 aliquorsum
1007 1356 1175 1434 fugerimus,
1292 1367 1296 1374 ’

85 1433 214 1508 hujusce
227 1439 316 1507 metu,
334 1451 428 1504 neque
441 1434 708 1508 depugnarerimus.

127 1511 243 1571 BLEP.
266 1512 379 1581 Quibus
393 1516 487 1588 armis,
502 1521 553 1571 aut
568 1533 625 1588 qua
639 1515 771 1588 potentia
792 1515 883 1573 freti.
905 1515 1000 1584 Quam
1014 1519 1091 1575 enim
1103 1518 1176 1575 lori·

84 1615 161 1664 cam,
177 1613 261 1666 quem
276 1597 428 1670 clypeum'
421 1597 609 1666 impurissima
622 1595 725 1652 haec'
697 1599 811 1670 pignori
823 1616 881 1653 non
897 1597 1044 1671 opponit?

128 1673 286 1734 CllllEM.
310 1673 511 1752 Bonostanimo
524 1693 574 1733 es:
604 1677 664 1733 scio
687 1678 763 1734 enlm
775 1679 858 1736 deum
876 1679 958 1734 illum
971 1680 1063 1736 solum
1086 1679 1171 1738 facile

84 1759 162 1815 hanc
180 1755 409 1830 profligatorum.

129 1834 251 1896 PAUP.
274 1835 405 1894 Etiamne
424 1856 475 1896 ros
489 1838 595 1895 mutire
608 1837 728 1912 audetis,
743 1837 762 1896 d
777 1839 902 1914 piacula,
915 1850 1004 1914 quum
1027 1842 1175 1899 manifeste

83 1920 114 1976 in
129 1919 239 1992 flagitio
253 1917 375 1990 pessimo
388 1918 554 1993 deprehensi
570 1917 650 1975 sitis?

127 1997 288 2057 CHREM.
312 1997 359 2056 Tu
375 2017 453 2068 vero,
468 2000 665 2074 perditissima,
681 1999 751 2072 quid
765 2000 900 2056 conviciis
929 2000 1042 2058 incessis
1062 2019 1127 2077 nos,
1140 2021 1176 2061 ns

84 2082 229 2138 tantillum
244 2079 377 2153 quidem
370 2079 482 2153 rnJ'uriae
498 2079 601 2152 passa?

126 2158 251 2219 PAUP.
272 2159 417 2256 Nullane,
425 2177 534 2232 quaeso,
547 2158 653 2232 putatis
666 2175 717 2215 ros
731 2159 888 2233 meinjoria
900 2160 1033 2237 adlicere,
1043 2179 1094 2234 qur
1085 2162 1175 2220 Plu-

84 2249 146 2300 tum
166 2243 261 2299 iacere
276 2240 418 2298 conamini
434 2241 577 2296 oculatum
592 2237 711 2296 denuoi

127 2320 287 2383 CHREM
309 2319 384 2388 Quid
399 2320 519 2379 veroi'
511 2321 648 2394 injuriine
662 2323 689 2377 in
704 2327 733 2377 tc
745 2338 852 2393 sumus,
866 2322 889 2378 si
903 2322 1039 2381 univorsis
1052 2326 1174 2384 homini-

84 2407 137 2462 bus
151 2407 231 2460 bona
243 2400 424 2476 praebemus?

126 2482 248 2544 PAUP.
270 2482 312 2539 At
325 2483 393 2553 quid
409 2501 460 2539 vos
474 2483 543 2539 boni
556 2484 719 2556 excogitare
736 2481 871 2554 possitis?

124 2562 286 2624 CHREM.
310 2561 405 2629 Quid?
429 2561 623 2620 Primumdum
634 2565 657 2619 si
672 2571 700 2618 tc
713 2563 860 2636 ejiciamus
873 2583 890 2621 e
903 2561 1030 2622 Graecia.

126 2643 249 2705 PAUP.
272 2644 301 2702 Si
315 2663 360 2700 me
368 2641 507 2718 ejiciatis?
529 2650 559 2700 et
569 2661 690 2716 quonam
706 2644 814 2716 putatis
824 2662 875 2700 ros
888 2647 965 2703 malo
978 2648 1088 2720 majore
1097 2667 1175 2706 mac.

85 2733 201 2786 taturos
214 2727 341 2782 homines
353 2723 363 2785 i

126 2805 291 2866 efluunt.
313 2802 469 2872 Quonam?
491 2803 514 2862 si
530 2803 662 2862 nimirum
675 2802 757 2876 hujus
767 2802 876 2875 incepti
891 2805 1097 2865 obliviscamur.

127 2885 252 2950 PAUP.
275 2887 364 2960 Atqui
378 2885 502 2959 primum
517 2888 578 2958 ipsa
588 2887 655 2942 volo
665 2885 744 2940 vobis
758 2885 793 2940 de
807 2883 860 2940 hac
873 2903 905 2943 re
918 2885 1057 2944 rationem
1072 2889 1173 2946 redde.

85 2991 127 3029 re.
178 2967 253 3026 Etsi
264 2968 416 3024 ostendero
430 2966 518 3022 solam
532 2985 576 3022 me
589 2965 670 3022 robis
682 2965 808 3023 omnium
822 2984 881 3022 csse
897 2967 1040 3024 bonorum
1055 2985 1174 3044 causam,

85 3069 211 3125 meoque
225 3047 363 3105 beneficio
378 3065 428 3104 vos
442 3047 547 3120 vivero,
562 3055 638 3104 recto
653 3053 714 3104 est:
739 3047 781 3103 sin
796 3046 898 3123 minus,
911 3047 998 3106 facite
1008 3048 1070 3124 jam
1082 3052 1175 3123 quod·

86 3151 203 3206 cunque
217 3130 298 3187 robis
313 3128 466 3185 videbitur.

127 3209 287 3271 CHREM.
310 3208 441 3267 lloccine
455 3215 486 3265 tu
498 3207 596 3282 audes,
610 3206 811 3282 impurissima,
825 3205 943 3267 dicere?

127 3289 250 3352 PAUP.
271 3289 374 3348 Patere
388 3291 474 3354 modo
488 3293 516 3344 te
528 3290 644 3346 doceri
667 3307 732 3346 nam
745 3306 881 3362 perquam
895 3291 979 3348 facule
992 3291 1118 3350 arbitror
1131 3310 1176 3352 ms

86 3381 281 3440 ostensuram,
295 3379 324 3428 to
337 3377 398 3428 tota
411 3368 457 3427 via
468 3387 575 3439 errare,
586 3371 608 3427 si
619 3368 714 3450 justos
728 3375 757 3427 te
768 3371 809 3428 ais
821 3370 990 3429 ditaturum.

128 3451 291 3514 CHREM.
315 3450 342 3509 Ο
356 3452 446 3508 fustes
460 3457 489 3508 et
503 3452 593 3524 nervi,
608 3468 703 3508 nonne
713 3469 797 3546 opem
809 3441 930 3508 feretis?

129 3533 216 3595 PAU
219 3531 253 3590 P
277 3531 324 3590 Ne
337 3534 482 3606 quiritaro,
497 3549 567 3589 nere
580 3533 715 3603 exclama,
730 3533 893 3606 priusquam
906 3550 964 3589 rem
979 3531 1129 3606 intelligas.

131 3613 249 3674 BLEP.
272 3612 374 3686 Ecquis
389 3632 457 3671 voro
473 3612 563 3685 possit
576 3631 635 3670 non
647 3615 805 3672 exclamare
818 3609 894 3688 lu,
880 3631 924 3686 arc,
941 3613 1008 3671 talia
1020 3613 1160 3672 audiens?
1262 3654 1265 3659 ι

130 3692 253 3755 PAUP.
275 3693 335 3760 Qui
348 3701 443 3752 mente
455 3702 498 3752 est
509 3694 628 3768 integra.

133 3773 290 3835 CHREM.
313 3777 407 3843 Quam
422 3794 491 3850 ergo
504 3776 621 3830 multam
638 3775 690 3832 tibi
704 3774 851 3850 irrogabo,
865 3774 985 3834 sisausa
998 3773 1153 3834 cecideris?

132 3854 255 3915 PAUP.
278 3854 467 3930 Quaecuuque
483 3856 535 3912 tibi
549 3855 700 3914 ridebitur.

135 3934 295 3996 CHREM.
320 3936 560 3996 Recteauiumas.

16 4052 21 4072 .
135 4015 260 4076 PAUP.
283 4015 363 4075 Idem
377 4019 463 4092 enim,
478 4019 501 4074 si
511 4016 673 4091 vincamini,
688 4017 770 4076 vobis
784 4016 954 4090 patiundum
968 4016 1031 4076 erit.

135 4097 189 4157 Bl
191 4096 251 4155 ΕΡ.
273 4096 398 4156 Putasne
412 4099 540 4157 sufficere
553 4105 657 4159 mortes
670 4096 793 4172 viginti?

138 4177 298 4237 CHREM.
320 4177 398 4239 Huic
411 4179 543 4253 quidem:
568 4175 694 4238 mnobis
707 4180 771 4238 dua
785 4177 925 4237 sufficient
939 4178 1017 4238 solae.

137 4258 261 4319 PAUP.
285 4257 418 4336 Effugere
439 4279 498 4318 non
523 4260 665 4334 poteritis,
680 4260 748 4333 quin
763 4259 817 4316 hoc
840 4259 1010 4333 patiamini.
1038 4263 1089 4317 aut
1111 4255 1181 4373 quid

97 4343 192 4430 possit
203 4341 308 4402 hebere
320 4343 434 4424 aliquis,
448 4341 525 4416 quod
539 4340 629 4400 mihi'
617 4359 685 4416 Jure
700 4339 853 4417 opponat.>
