2875 4984
283 372 359 450 ιἐοο
599 370 1050 445 .Αηιετοἰ>ΗΑΝιε

315 529 462 603 'PISTH.
483 538 592 613 Nonne
600 538 764 617 jamdudum
782 528 814 599 id
827 540 881 600 tihi
900 530 1050 601 dicebam?
1081 558 1141 599 non
1153 545 1206 599 tuo
1222 545 1250 601 te
1264 542 1384 603 modulo

293 626 428 700 metieris,
441 628 530 696 atquc
542 624 601 681 alio
614 620 755 697 recipies?

332 704 409 764 INS.
435 704 494 763 Uhi
507 709 572 761 sunt
584 705 728 777 hospitum
743 702 883 778 patroni?

333 784 464 847 Plsufl.
484 783 556 852 Quis
567 785 615 842 hic
627 784 835 860 Sardanapalus
849 782 915 855 est?

332 866 408 927 INS.
431 866 583 939 Inspector
595 866 654 922 huc
666 868 763 937 renio,
777 864 851 923 labae
864 872 943 923 sorte
959 865 1077 936 electus,
1091 865 1128 923 ad
1141 863 1379 925 Nubicuculiam.
1408 888 1409 943 l

317 946 461 1008 'PISTH.
483 944 655 1022 lnspectori
677 948 740 1019 quis
753 964 822 1004 vero
836 954 865 1005 te
877 948 934 1005 huc
947 948 1042 1005 misit?
1408 954 1409 957 ’

314 1010 422 1088 ‚INS.'
434 1026 588 1101 Improhus
601 1028 713 1085 libellus
727 1025 833 1085 Teleae.

331 1108 458 1169 PISTH.
472 1108 571 1177 Quid?
582 1106 652 1170 Vin’
662 1126 744 1185 ergo,
754 1114 874 1183 accepta
882 1108 1020 1181 mercede,
1030 1126 1128 1167 careno
1137 1108 1282 1185 molestia,
1292 1114 1380 1182 atque

292 1189 393 1250 abire?

332 1270 413 1331 INS.
434 1265 577 1345 Perquam
589 1270 735 1343 lubenter,
748 1270 789 1326 ila
802 1288 848 1329 me
859 1269 898 1328 dii
909 1272 1024 1343 deeque
1034 1276 1137 1329 ament.
1156 1258 1159 1270 '
1179 1260 1299 1343 Quippe
1307 1286 1377 1327 cou-

292 1354 368 1411 cioni
381 1355 536 1427 oportebat
547 1370 593 1410 mc
605 1351 729 1409 &sehse
737 1352 816 1409 donni
828 1358 988 1410 manentem
1000 1371 1009 1408 :
1031 1358 1100 1409 suut
1112 1352 1184 1408 enim
1206 1353 1349 1409 nonnulla
1363 1369 1378 1408 a

293 1436 457 1505 maiorem
473 1432 626 1491 Pharnacis
641 1431 783 1502 coniecta.

206 1578 209 1583 ,
330 1510 461 1576 PISTH.
483 1516 593 1572 hmove
606 1520 646 1586 te,
661 1518 780 1585 accepta
793 1513 940 1573 mercede:
962 1517 1006 1571 est
1018 1515 1113 1571 aulem
1128 1530 1161 1569 ra
1174 1513 1280 1571 haecce.

330 1594 411 1655 INS.
432 1591 511 1663 Quid
523 1597 566 1654 rei
578 1602 622 1652 est
633 1591 730 1651 istnc?

330 1672 459 1734 PISTH.
481 1675 591 1733 Habita
603 1693 690 1748 snper
702 1671 851 1732 Pharnace
864 1674 978 1731 concio.

244 1757 247 1764 '
330 1755 410 1814 INS.
430 1757 571 1815 Autestor
584 1774 629 1813 mc
642 1755 832 1825 verberatum,
847 1756 896 1829 qui
912 1755 1065 1829 Inspectus
1078 1770 1152 1813 cum.

329 1833 457 1894 PISTH.
473 1834 745 1911 Nonteproripies?
761 1836 1290 1909 nonauseresjudiciariaetuasuruas?
1303 1854 1374 1893 nou·
1410 1870 1411 1877 κ

288 1917 329 1974 ne
341 1916 403 1975 lraec
416 1922 485 1975 sunl
496 1914 708 1976 intolerabilia?
732 1923 761 1973 ot
774 1915 890 1974 mittunt
901 1918 962 1992 jam
986 1914 1167 1993 Inspectoros
1181 1917 1209 1973 iu
1225 1916 1301 1975 hauc
1325 1935 1374 1973 ur·

180 2031 184 2036 ν
291 2000 367 2071 hem,
382 2004 534 2070 autequam
545 2016 625 2067 sacra
637 1998 689 2053 diis
703 1998 780 2053 facta
793 1996 910 2056 luerint.

331 2078 427 2149 LEG.
447 2077 485 2147 Si
491 2098 564 2137 vero
579 2076 835 2138 Nubicucoliensr's
845 2080 1052 2137 Atheniensem
1065 2076 1220 2137 leserit-

331 2158 462 2221 PISTH.
481 2159 558 2228 Quid
571 2160 645 2218 istuc
657 2158 761 2217 iterum
775 2165 819 2216 cst
830 2160 897 2217 mali
911 2158 1020 2217 libelli?

331 2238 426 2299 nm.
447 2242 634 2301 Decrelorum
656 2240 761 2313 populi
773 2240 905 2298 venditor
927 2257 1000 2313 sum,
1013 2255 1156 2310 novasque
1168 2242 1243 2317 leges
1262 2242 1300 2307 ad
1323 2250 1373 2299 rus
1410 2242 1412 2303 l

289 2322 445 2395 hucyonio
458 2320 633 2378 venditurus.
1411 2320 1412 2335 ¹

330 2395 461 2458 PISTHL
481 2398 560 2466 Quid
573 2406 666 2457 aulem
677 2394 689 2455 ἓ

309 2478 421 2538 ‘nm
447 2478 581 2540 munior
604 2474 868 2538 Nuhieuculienscs
892 2482 996 2541 iisdem
1016 2486 1175 2559 mensoris,
1186 2483 1372 2561 ponderibus

288 2566 321 2620 ci
330 2561 460 2637 legibus,
476 2562 580 2637 quidus
590 2559 761 2637 Olopdycr‘r'.

332 2639 463 2700 PISTH.
484 2640 529 2699 'su
542 2660 611 2699 vero
624 2642 764 2714 vapulans
774 2642 835 2717 jam
844 2659 911 2701 mox
925 2641 981 2700 illia
995 2642 1093 2719 uteris,
1106 2637 1369 2722 quibus‘Olulyxii.

326 2718 423 2781 LEG.
444 2720 524 2781 Heus
537 2723 603 2796 quid
617 2723 697 2797 agis?
897 2736 900 2745 ’
1078 2732 1081 2741 “

326 2800 458 2872 PISTH.,
478 2802 585 2863 Nonne
598 2811 630 2862 ta
642 2806 709 2862 hinc
719 2809 783 2861 tuus
796 2805 870 2879 leges
879 2803 1012 2861 auferes?
1034 2806 1213 2881 acerbascgo
1222 2806 1370 2864 libi'hodie
1412 2846 1413 2853 κ

285 2884 362 2961 loger
374 2884 531 2945 ostendam.
622 2914 624 2919 ·

327 2963 404 3027 INS.
426 2966 553 3025 Arcesso
575 2963 773 3023 Pistheterum
799 2960 970 3037 injuriarum
992 2965 1022 3021 iu
1045 2964 1269 3043 Munychiouem
1286 2980 1370 3026 meu.

286 3063 356 3104 aem.

327 3122 456 3184 PlsTH.
478 3122 666 3184 lunarem?
687 3125 840 3184 etiamnum
855 3128 888 3180 lu
901 3123 948 3181 hic
960 3125 1078 3183 rubas?

327 3200 420 3262 LEG.
440 3202 478 3263 sa·
489 3224 561 3263 uero
574 3210 639 3282 pois
650 3206 780 3283 expellat
801 3207 1009 3281 magistratus,
1020 3218 1112 3285 neque
1125 3202 1253 3287 recipiat
1264 3229 1368 3270 secun·

251 3284 256 3287 ’
287 3283 356 3342 dam
407 3288 577 3361 oermiptarr
589 3288 679 3345 edicti
689 3292 723 3346 in
736 3287 913 3345 colomna-

325 3364 352 3424 P
387 3364 453 3441 Τῌ.
475 3365 529 3426 Va
543 3367 612 3424 mihi
623 3368 746 3427 misero!
768 3366 849 3425 'l'une
861 3367 945 3425 etiam
958 3362 1006 3425 hic
1017 3379 1080 3426 eras
1092 3367 1205 3428 adhuc?

325 3440 403 3507 INS.
425 3445 594 3522 Dispcrdam
619 3454 659 3520 te,
673 3448 806 3507 etdicam
828 3446 883 3505 tibi
904 3448 1001 3505 decem
1014 3448 1143 3508 millium
1167 3452 1367 3513 drachmarum

284 3528 391 3586 acribo.

323 3606 452 3666 PISTH.
472 3608 538 3684 Ego
549 3628 619 3668 roro
633 3613 694 3667 luas
706 3626 791 3669 urnas
804 3610 1002 3669 comminuam.

323 3685 401 3747 INS.
422 3688 608 3748 Meministin'
622 3692 733 3748 utolim
747 3692 890 3765 publicem
900 3693 1060 3749 columnam
1066 3694 1183 3773 ¹iusperi
1193 3696 1365 3754 concacasli.

273 3837 284 3844 Ν
320 3767 454 3907 1ῙὲΙξῚἪ.
474 3770 620 3847 Ehodum,
633 3772 822 3844 aliquisillum
835 3772 1068 3849 comprehendat:
1091 3768 1365 3853 Heustn5'nouma·

225 3909 228 3918 Ι
285 3866 406 4065 Ed&
428 3928 507 3990 Hinc
517 3949 571 3990 nos
584 3950 770 4009 prepropere
782 3933 983 4010 digrediamur,
996 3934 1104 3993 hircum
1117 3936 1193 3996 iulus
1207 3938 1261 3997 diis
1275 3930 1364 3998 sacri.

353 4027 408 4068 uri.
435 4043 436 4047 =

323 4085 414 4147 SEM.
431 4086 501 4149 ’dam
513 4090 591 4149 nuuc
603 4092 672 4151 mihi
682 4100 789 4151 cuncta·
800 4094 977 4171 adspicienti,
988 4103 1150 4173 cunctaque
1163 4100 1363 4176 regenti'mor·

284 4168 356 4226 tales
369 4186 465 4229 omnes
478 4190 560 4230 sacra
580 4174 690 4233 lanient
710 4176 815 4234 votivis
839 4178 981 4250 precibus.
1026 4178 1196 4239 Universum
1214 4185 1289 4241 enim
1306 4190 1361 4241 ter.

280 4266 342 4306 ram
355 4250 487 4329 inspicio,
501 4259 532 4311 et
544 4270 684 4314 conservo
695 4258 769 4316 hene
782 4256 917 4318 florentes
929 4259 1053 4338 fructur,
1063 4263 1227 4321 interimens
1237 4265 1361 4340 omnige-
