2875 4984
508 270 721 338 PtUTUS.
1094 287 1152 341 ιοι

103 423 268 487 CHREM.
290 425 402 504 Lepida
413 445 481 491 eane
492 430 569 490 dona
581 431 636 489 deo
648 433 743 495 lerona
755 433 843 491 renis.

106 508 196 569 SYC.
218 508 273 569 Hei
285 511 478 570 infortunatus
492 512 565 588 ego!
586 530 670 610 quam
686 516 799 588 penitus
814 516 885 590 perir
876 515 999 574 miseri
1018 516 1041 575 ὃ
1055 522 1155 593 terque

63 597 229 668 quaterque
242 591 438 650 infortunatus
451 599 480 651 et
493 595 651 670 quinquies,
666 605 696 653 et
715 597 875 672 duodecies,
889 604 919 654 et
937 598 1155 659 deciesmilliss.

65 672 117 738 lu,
133 674 181 731 iu!
202 675 243 730 ita
256 674 405 746 multiplici
419 676 541 732 obrutus
554 694 615 732 sum
628 677 800 734 infortunio.

109 750 270 810 CHREM
291 755 403 829 Apollo
415 773 572 814 averrunce
583 764 613 820 et
625 757 664 814 dii
673 757 851 818 servatores!
872 760 939 833 quin
952 764 995 818 est
1005 761 1081 834 quod
1090 760 1158 819 huic

65 834 181 890 homini
198 835 292 892 creuit
305 833 394 892 mali?

108 912 198 976 SYC.
220 916 327 973 Annon
341 933 410 972 vero
429 917 606 976 intoleranda
617 919 1045 980 mihinuuoerensrnutmala?
1067 923 1158 995 qnia·

66 996 133 1055 misi
147 997 253 1069 omnia,
268 1013 331 1068 quse
342 997 422 1054 domi
435 997 584 1072 habebam,
599 1017 652 1074 per
664 1003 747 1058 deum
762 1001 1031 1077 hunc,qu1futurus
1044 1013 1086 1060 est
1100 1021 1158 1108 ιω·

67 1094 123 1133 cus
138 1075 191 1132 de'
184 1084 308 1151 integro,
323 1095 345 1135 ιι
337 1077 462 1136 ''modo
451 1096 517 1151 Jura
530 1098 589 1136 non
602 1080 747 1140 deficiant.

108 1155 133 1216 J
137 1155 221 1214 US'l
242 1155 305 1232 Ego
327 1159 531 1233 propemodum
545 1179 604 1218 rem
619 1180 794 1236 cognoscere
815 1181 860 1221 me
872 1165 1020 1224 arbitror
1050 1167 1162 1222 accedit
1205 1187 1208 1195 ·

66 1239 147 1374 anitrrr
162 1238 262 1314 aliquis
276 1256 427 1314 oppressus
441 1240 621 1306 calamitate:
651 1246 761 1303 ridetur
775 1250 869 1302 autem
888 1263 949 1303 esse
962 1247 1048 1304 homo
1064 1264 1160 1320 praua

69 1337 112 1375 no
128 1336 163 1374 ae.

116 1397 273 1458 CHREM
297 1400 345 1460 Its
357 1401 462 1464 hercle.
504 1401 596 1461 Recte
608 1422 677 1480 ergo
689 1425 716 1464 er
707 1405 771 1477 tit,
785 1407 862 1478 quod
878 1406 962 1479 perit.

114 1477 200 1537 SY..C
224 1479 294 1552 Ubi,
308 1483 358 1538 nbi
371 1490 414 1541 est
426 1485 489 1558 iste,
503 1503 552 1558 qur
545 1485 644 1542 'solus
658 1505 710 1542 nos
732 1504 829 1544 omues
842 1488 996 1559 opulentos
1017 1491 1161 1574 extemplo

71 1581 103 1620 se
117 1561 261 1618 iacturum
275 1563 419 1635 pollicitus
432 1565 538 1640 luerat,
551 1565 574 1626 si
589 1567 710 1624 modo
684 1586 776 1624 rusum
790 1585 889 1623 rursus
899 1569 1060 1642 reciperet?
1083 1580 1113 1628 at
1127 1562 1163 1627 il.

72 1646 99 1700 le
115 1643 209 1699 multo
221 1647 319 1716 potius
333 1644 457 1717 perdidit
468 1648 629 1703 nonnullos.

116 1720 273 1780 CHREM.
294 1721 333 1782 Et
346 1743 496 1798 quemnam
509 1726 551 1786 sic
563 1729 636 1785 male
648 1726 777 1785 adiecit?

115 1801 202 1861 SYC.
224 1804 298 1862 Me
290 1822 393 1879 ipsum.

116 1881 172 1940 CH
177 1883 277 1945 REM
299 1885 375 1944 Num
389 1907 461 1946 unus
471 1907 508 1947 ex
519 1891 656 1966 improbis
669 1908 733 1951 eras
742 1897 773 1948 et
783 1891 923 1963 parietum
935 1890 1165 1986 perfossoribnsi

117 1963 205 2023 SYC.
227 1965 307 2023 thd
316 1967 481 2028 herclesam
493 1973 574 2029 robis
584 1973 742 2030 ambobus
734 1980 827 2028 inest
850 1990 903 2027 nec
913 1969 973 2028 fieri
984 1981 1091 2047 potest,
1101 1990 1169 2044 qum

74 2063 168 2106 meam
183 2047 308 2105 habeatis
322 2052 482 2122 pecuniam.

119 2125 217 2184 CAR.
238 2126 297 2185 Pro
310 2147 414 2204 magna
426 2129 529 2190 Ceres!
551 2150 635 2206 quam
656 2149 686 2188 se
698 2131 823 2190 ferocem
837 2131 934 2188 intulit
946 2131 992 2189 hic
1005 2133 1168 2207 sycophau

75 2207 126 2266 ta!
148 2218 270 2281 apparet
283 2227 345 2272 eum
359 2211 434 2267 lame
449 2213 553 2286 urgeri.

118 2286 207 2347 SYC.
229 2287 275 2352 Tu
290 2291 402 2363 quidem
414 2308 482 2346 mox
496 2293 554 2352 cito
568 2291 603 2348 ad
614 2291 710 2352 lorum
724 2293 800 2350 ibis:
821 2290 862 2348 ibi
875 2293 951 2353 enim
962 2293 1110 2351 tormentis
1120 2311 1169 2350 co-

75 2371 152 2446 geris
167 2372 196 2424 in
212 2377 278 2430 rota
292 2371 418 2427 confiteri
434 2378 483 2428 tua
496 2373 610 2430 scelera.

120 2449 215 2508 CAR.
239 2453 282 2507 At
296 2457 328 2509 tu
342 2451 426 2525 ejula.

120 2529 228 2590 JUST.
251 2530 300 2594 Ita
323 2551 367 2589 me
387 2529 502 2606 Jupiter
525 2529 657 2592 Servatur
679 2539 765 2605 amet,
786 2540 818 2590 ut
840 2534 937 2609 magni
958 2532 1105 2592 faciendus
1128 2539 1171 2590 est

78 2609 194 2750 Gri'ecis
209 2614 341 2670 omnibus
360 2611 438 2671 Deus
455 2615 514 2690 ille,
532 2615 611 2689 quod
624 2617 817 2692 sycophantas
833 2617 996 2688 perditurus
1019 2623 1062 2672 est
1082 2617 1171 2672 malos

79 2712 124 2750 ma
135 2714 163 2752 c.

120 2772 209 2833 SYC.
231 2771 287 2832 Hei
300 2775 382 2832 miser
395 2773 467 2850 egoi
489 2773 568 2833 Num
578 2780 608 2829 tu
620 2773 704 2830 etlam
718 2773 802 2847 hujus
816 2773 886 2830 furti
902 2776 1057 2848 particeps,
1067 2794 1111 2830 me
1122 2775 1172 2832 de.-

82 2855 180 2922 ridcs?
205 2873 269 2912 nam
283 2856 392 2929 alioqui
411 2856 485 2912 unde
499 2856 632 2930 accepisti
645 2857 842 2911 vestimentum
856 2856 967 2913 hocce?
999 2856 1059 2913 heri
1079 2864 1173 2913 autem

82 2942 111 2993 te
126 2935 186 2992 vidi
198 2936 305 2994 detrito
318 2938 452 2999 amictum
466 2938 563 3009 pollio.

124 3015 144 3074 J
150 3015 236 3074 UST.
259 3015 340 3073 Nihil
356 3024 383 3074 te
395 3035 514 3077 moror:
537 3021 618 3092 gesto
631 3016 706 3078 onim
717 3021 824 3079 emtum
838 3014 973 3074 drachma
984 3017 1022 3072 ab
1041 3013 1172 3076 Eudamo

80 3098 200 3154 anulum
214 3097 332 3155 huncce.

123 3175 283 3236 CHREM.
305 3176 359 3236 Sed
373 3178 482 3234 nullum
497 3178 621 3251 reperias
635 3182 736 3234 contra
749 3177 936 3254 sycophantas
948 3196 1084 3236 morsum.

124 3256 210 3315 SYC.
234 3255 372 3328 Quidem,
384 3257 436 3316 uisi
447 3259 502 3316 hoc
509 3259 625 3332 insignis
634 3259 806 3316 contumelia
813 3265 856 3314 cst
867 3257 878 3322 Ξ
900 3259 1024 3323 irridetis
1034 3279 1043 3332 ;
1066 3258 1176 3333 etquid

82 3339 129 3406 hic
144 3339 247 3410 agatis,
262 3341 383 3396 nondum
397 3339 514 3397 dixistis.
556 3337 668 3397 Etenim
682 3337 753 3396 nulli
767 3341 844 3396 bono
858 3339 904 3397 hic
916 3341 993 3398 estis.

124 3417 284 3476 Glitium.
308 3417 337 3478 N
341 3437 377 3478 on
394 3429 445 3478 tuo
459 3420 573 3478 hercle:
596 3419 667 3482 scias
681 3420 737 3477 hoc
750 3420 842 3478 uelim.

124 3497 211 3558 SYC.
234 3499 278 3557 De
292 3519 355 3558 meo
368 3501 443 3557 enirn
455 3501 557 3575 edepol
571 3502 730 3559 coenabitis.

127 3578 287 3639 CHREM.
313 3579 355 3639 Ut
375 3581 432 3649 hoc
453 3599 553 3640 rerum
567 3586 620 3656 est,
634 3582 675 3639 ita
687 3587 719 3639 tu
735 3598 799 3639 cum
819 3585 872 3639 tuo
896 3584 968 3638 teste
980 3580 1178 3656 disrumperis,

86 3663 168 3720 nullo
184 3664 251 3720 cibo
265 3663 401 3736 repletus.

128 3740 215 3801 SYC.
237 3741 382 3819 Negatis?
404 3743 479 3800 intus
502 3742 590 3818 est,
574 3763 593 3802 o
613 3743 804 3818 impurissimi,
817 3760 921 3818 magua
942 3744 984 3800 ris
1007 3741 1127 3819 piscium
1149 3742 1180 3798 in

87 3822 575 3962 lrpstracoucisorum,etcaruium
586 3841 719 3912 assarum.
764 3822 926 3901 Ulru‚ulru‚
942 3825 1013 3898 uhu,
1026 3822 1098 3899 uhu,
1113 3821 1180 3892 uhu,

89 3923 109 3962 ιι
133 3923 149 3960 u

131 3981 288 4044 CHREM.
313 3983 621 4060 Odorarisnealiquid,
635 3983 750 4044 seclusi

131 4064 152 4125 J
155 4063 242 4126 Usu.
264 4066 368 4143 Frigus
382 4069 515 4142 fortasse,
530 4068 598 4140 quia
610 4075 667 4124 tam
678 4066 785 4124 detrito
798 4064 918 4123 amictus
930 4070 974 4123 est
987 4066 1087 4139 pallio.

131 4144 217 4218 sYc.
241 4147 375 4207 Haecine
389 4150 537 4208 toleranda
547 4156 622 4223 sunt,
638 4148 656 4208 ὂ
674 4147 793 4222 Jupiter
814 4148 911 4221 diique
925 4147 1031 4206 ceteri!
1052 4166 1133 4206 mene
1146 4146 1183 4210 ab

93 4228 152 4288 istis
167 4229 208 4286 sic
222 4230 345 4292 ludibrio
358 4231 457 4288 haberi
471 4231 479 4288 !
502 4231 567 4303 heu,
581 4247 665 4305 quam
685 4231 809 4308 crucior,
822 4231 901 4304 quud
916 4229 962 4288 vir
976 4231 1067 4288 bouus
1088 4240 1118 4288 et
1130 4245 1182 4304 pa-

94 4309 155 4368 tria
171 4327 268 4372 amaus
278 4311 563 4376 haec'malasufferol
