2875 4984
296 381 360 449 2⁸⁰
645 364 1045 435 ARISTOPHANIS

337 534 452 597 Brut.
473 532 521 592 Tu
530 532 623 607 enim,
638 531 657 589 d
674 537 768 607 pater,
783 534 860 607 ipsos
875 533 926 591 tibi
939 530 1070 589 adsciscis
1090 528 1232 605 dominos,
1246 530 1384 605 speciosis

295 621 351 681 titis
362 617 445 677 dictis
459 616 604 688 deceptus.
626 612 737 672 Deinde
757 614 804 671 isti
818 616 1081 689 quinquagenorum
1104 613 1243 670 teicutdm
1262 631 1383 669 munem

295 702 333 761 ab
347 699 464 757 urbibus
484 703 667 771 extorquent,
680 695 844 770 hujusmodi
862 695 942 753 minis
957 703 1093 753 terrorem
1106 696 1297 752 incutientes:
1320 694 1381 751 Aut

295 784 440 839 tributum
453 777 575 846 deludis,
597 784 649 834 out
673 795 727 851 ego
742 780 878 834 intonans
892 779 996 834 urbem
1009 780 1138 834 uestrum
1150 781 1294 832 evertam.
1336 773 1380 831 Tu

295 880 366 924 vero
380 864 533 919 contentus
545 876 587 930 es,
600 860 625 915 si
636 857 737 930 imperi
751 856 794 913 tui
815 856 973 931 rejectanea
992 857 1087 915 rodes.
1127 854 1203 913 Socii
1217 861 1314 912 sutem
1328 872 1380 912 uo·

295 945 349 1002 stri
362 947 395 998 ut
416 948 565 999 senserunt
586 939 720 1011 reliquam
742 939 854 995 turbem
868 956 885 996 e
897 939 994 1013 pbimo
1006 938 1122 995 sorbere
1134 944 1164 993 et
1177 936 1326 995 comedere
1337 954 1380 993 res

294 1024 431 1094 nihitute
452 1020 563 1093 quidem
587 1020 694 1078 babent
716 1036 773 1092 pro
787 1016 1025 1077 Connicsiculo:
1047 1015 1107 1074 istis
1129 1025 1224 1075 eutem
1248 1016 1380 1074 adierunt

295 1120 425 1177 munera,
439 1104 673 1160 salsamentorum
686 1117 780 1171 orces,
794 1101 902 1173 riuum,
915 1107 1035 1174 tapetes,
1048 1116 1170 1174 cescum,
1182 1099 1251 1174 mel,
1265 1116 1376 1168 semma,

294 1183 469 1262 pulvinario,
485 1181 603 1256 pbialrs,
618 1181 715 1252 leuas,
730 1198 863 1254 corones,
877 1188 1006 1253 torques,
1022 1181 1137 1257 pocula,
1151 1196 1220 1254 opes
1251 1173 1318 1237 cunr
1336 1196 1376 1237 sa·

294 1268 396 1330 nitate.
436 1262 549 1331 Quibus
562 1269 657 1320 antem
669 1267 700 1319 tu
716 1263 835 1335 imperas
851 1270 915 1336 post
927 1262 1029 1319 multos
1043 1268 1119 1319 terre
1138 1261 1266 1331 marique
1279 1267 1377 1318 exunt·

241 1354 245 1359 “
295 1348 370 1413 latos
383 1346 506 1419 tubures,
519 1361 618 1402 eorum
631 1343 683 1403 tibi
697 1360 781 1403 nemo
793 1360 831 1400 ne
845 1349 935 1417 caput
946 1343 1060 1417 quidem
1079 1343 1138 1400 allii
1154 1342 1190 1399 sd
1203 1341 1377 1399 condiendos

318 1427 445 1485 idciculoss
455 1426 517 1488 daie
1054 1470 1057 1479 Δ

295 1446 317 1503 p
336 1505 445 1569 PHIL.
466 1505 538 1566 Non
551 1503 663 1563 hercle:
690 1504 739 1562 scd
751 1506 812 1578 ipse
825 1508 881 1562 tres
895 1505 954 1562 allii
973 1504 1077 1563 buibns
1096 1505 1133 1561 ub
1156 1502 1320 1561 Eucherids
1331 1502 1378 1575 qui

295 1593 407 1664 peieret
419 1587 493 1647 misi.
534 1585 577 1645 nt
589 1586 703 1644 odorus
716 1604 757 1662 es,
772 1588 852 1645 istem
865 1588 1030 1645 seruitutem
1050 1588 1192 1661 omittens,
1206 1603 1294 1658 quum
1313 1586 1378 1647 mibi

296 1672 540 1728 demonstraturus
552 1684 625 1724 eras.

336 1746 454 1807 BDEL.
476 1747 585 1805 Nonne
597 1766 666 1803 vero
678 1748 918 1829 servitusxmagnn
931 1750 986 1817 est,
999 1764 1084 1820 quum
1106 1763 1204 1804 omncs
1226 1746 1274 1804 isti
1294 1747 1379 1821 mugi·

295 1835 401 1889 strutus
414 1835 553 1903 gerentes,
568 1833 597 1884 et
610 1828 676 1901 ipsi,
690 1836 719 1884 et
732 1846 829 1886 corum
842 1833 1041 1901 assentatores,
1055 1828 1196 1886 mercedes
1211 1827 1376 1902 accipiunts

297 1918 329 1969 tu
341 1930 422 1985 roro,
437 1910 536 1983 siquis
550 1908 603 1965 tibi
617 1913 673 1965 tres
686 1908 788 1967 obolos
801 1910 862 1979 det,
885 1914 1038 1966 contentus
1058 1926 1100 1983 ee,
1122 1926 1193 1980 quos
1213 1909 1276 1983 ipse
1296 1910 1377 1965 remi-

296 1994 392 2068 gando
405 1999 435 2049 et
448 1991 627 2047 terrestribus
641 1990 745 2061 praeliis
759 1992 960 2065 depugnendo‚
975 1997 1003 2046 et
1017 1992 1101 2045 urbes
1123 1990 1280 2047 obsidendo
1301 2007 1381 2061 qum·

291 2076 382 2132 aierss
395 2073 488 2131 multo
508 2068 626 2129 labore?
659 2068 697 2128 Et
712 2082 868 2145 ,pretorem
885 2071 959 2143 qnod
982 2088 1027 2127 me
1049 2070 1078 2126 in
1103 2071 1199 2145 primis
1219 2072 1377 2144 excruciat,

295 2155 391 2215 sueno
402 2153 484 2228 jussu
496 2153 533 2209 ud
550 2151 645 2209 iorum
658 2153 702 2209 ire
723 2155 840 2225 cogeris,
865 2154 979 2223 quando
1001 2152 1116 2207 doraum
1138 2159 1216 2209 tuam
1241 2152 1379 2226 ingressus

295 2236 453 2308 impudicus
462 2232 699 2303 adolescentulus,
709 2229 832 2291 Chares}
842 2232 925 2305 filius,
934 2232 1142 2291 sicdirericetis
1152 2233 1376 2306 cruribusstsus,

295 2316 403 2375 ludio
415 2321 445 2375 et
455 2314 492 2373 ud
504 2312 651 2371 mollitiem
662 2316 825 2385 composito
837 2320 930 2387 gestu,
945 2314 997 2369 tibi
1010 2314 1106 2383 edicit,
1119 2320 1152 2370 ut
1164 2331 1274 2370 summu
1293 2330 1377 2370 mene

295 2400 327 2453 et
339 2392 503 2467 tempestive
513 2392 691 2466 judicaturus
705 2410 763 2465 eus,
777 2394 844 2466 quio
865 2396 1025 2466 quicunque
1045 2394 1171 2451 vostrum
1194 2401 1259 2468 post
1281 2394 1378 2451 dutum
1417 2422 1418 2468 i

290 2473 1031 2628 truderenturinstitutit
1044 2478 1377 2614 uestitus
1416 2590 1417 2637 ψ

294 2636 386 2695 serius
399 2636 524 2694 ueneriis
547 2633 648 2691 deinde
668 2635 752 2692 ulium
776 2636 924 2710 quemdam
945 2654 1056 2707 eorum,
1071 2649 1141 2707 quor
1164 2638 1193 2693 iu
1213 2636 1379 2711 magistratu
1416 2640 1417 2712 i

295 2718 421 2791 collegas
434 2716 531 2791 habet,
545 2716 713 2788 participem
727 2716 808 2786 iacit,
822 2718 845 2775 si
859 2718 921 2789 quis
935 2734 1048 2774 reorum
1062 2717 1169 2791 aliquid
1181 2718 1308 2775 dederit:
1329 2726 1378 2775 st-

294 2816 353 2872 que
365 2796 407 2855 ite
427 2798 513 2855 ambo
532 2797 569 2853 de
591 2798 752 2870 composito
772 2798 914 2871 negotium
939 2797 1079 2855 conficere
1101 2798 1217 2855 student
1234 2817 1243 2854 s
1264 2798 1375 2866 deiude,
1415 2864 1416 2869 η

292 2880 375 2947 uelut
387 2896 472 2950 quum
485 2894 565 2938 serra
578 2894 689 2933 rursum
702 2896 836 2952 prorsum
849 2879 973 2952 ducitur,
988 2879 1171 2953 alternabit,
1186 2880 1259 2937 ulter
1278 2881 1376 2937 remit·
1415 2872 1416 2956 i

292 2962 350 3017 titt
369 2965 400 3015 tu
412 2975 480 3016 vero
496 2956 606 3016 bieteus
619 2963 791 3029 questorcm
811 2959 937 3035 respicis,
950 2966 983 3016 et
999 2977 1063 3033 quer
1079 2967 1219 3035 'gerantur
1235 2976 1295 3018 uon
1314 2960 1377 3019 uni.

323 3040 457 3097 advertis.
595 3095 600 3104 ,
1414 3058 1415 3073 ¹

293 3059 443 3181 fruit.
464 3117 597 3180 Haeccine
608 3117 678 3179 mibi
690 3117 818 3179 iaciunt!
839 3119 886 3179 hei
898 3122 977 3197 mibi,
992 3121 1058 3193 quid
1072 3120 1164 3181 dicis?
1186 3127 1219 3179 ut
1238 3120 1310 3179 mibi
1325 3139 1377 3179 cor
1414 3107 1415 3184 i

293 3199 466 3271 protundum
488 3218 595 3275 moror,
608 3201 737 3274 facisque
756 3210 788 3261 ut
809 3203 896 3278 magis
923 3204 1066 3261 advertam
1087 3204 1222 3279 animum,
1237 3220 1292 3261 nec
1316 3205 1377 3261 scic

294 3280 439 3351 quomodo
451 3297 495 3336 me
508 3279 652 3339 adiectum
665 3283 774 3341 reddes.

334 3356 450 3418 BDEL.
470 3360 574 3434 Specta
586 3363 684 3435 igitur,
699 3369 741 3434 ut,
756 3380 841 3436 quum
854 3365 907 3423 tibi
918 3369 948 3423 et
959 3363 1096 3423 universis
1109 3366 1245 3424 ditescere
1262 3366 1293 3422 iu
1306 3382 1377 3439 pro·
1413 3406 1414 3444 i

293 3440 360 3499 cliii
372 3441 420 3512 sit,
435 3441 580 3499 involutus
593 3443 630 3501 sis
642 3445 737 3501 nescio
749 3446 852 3519 quibus
864 3447 1009 3522 augustiis,
1024 3448 1061 3505 ab
1074 3447 1144 3518 istis,
1158 3448 1205 3520 qui
1220 3450 1336 3521 populo
1348 3466 1376 3505 se

293 3521 409 3579 studere
430 3523 565 3580 simulent
588 3542 717 3597 semper:
750 3526 800 3597 qui
822 3528 941 3584 urbibus
965 3528 1093 3599 plurimis
1116 3528 1256 3603 imperans
1275 3528 1376 3585 iudea

292 3598 391 3660 Ponto
402 3604 439 3661 ad
451 3601 605 3660 Surdiniem
619 3622 721 3679 usque,
736 3624 795 3663 non
809 3606 894 3665 hebes
908 3625 967 3679 quo
977 3608 1092 3679 frueris,
1104 3616 1207 3681 preter
1215 3608 1288 3665 istud
1300 3608 1375 3683 quod
1412 3612 1413 3690 i

290 3681 349 3745 fers
360 3683 496 3741 mercedis
509 3684 670 3743 minimum:
691 3687 774 3757 idque
787 3705 824 3744 ex
838 3689 908 3745 lunae
923 3688 1048 3745 flocculo
1061 3690 1200 3746 instillent
1219 3690 1371 3747 identidem

293 3763 348 3826 tibi
360 3764 510 3837 paulatim,
523 3764 778 3823 cdsusteuiundam
789 3770 886 3842 sitam,
908 3776 1039 3841 tauquam
1061 3771 1175 3843 pultem.
1218 3767 1373 3841 Pnuperem

292 3844 368 3900 enim
381 3850 411 3901 te
421 3862 482 3903 esse
492 3845 603 3919 volunt,
617 3847 700 3919 idque
712 3864 771 3920 que
785 3850 987 3922 gratianum,
1012 3849 1102 3907 dicam
1124 3851 1195 3921 tibi3
1217 3868 1332 3923 nempe.
1344 3856 1372 3907 ut

294 3938 448 3995 cognoscas
460 3930 541 3983 tunm
556 3928 718 4001 nutricium,
734 3936 764 3985 et
777 3925 862 4001 quum
874 3930 927 3987 iste
940 3936 969 3987 te
980 3929 1125 4004 instigasti
1133 3938 1162 3987 et
1176 3936 1313 4003 tunquam
1329 3948 1373 3987 ce·

293 4018 357 4058 uem
370 4002 502 4062 immittet
513 4007 543 4063 in
566 4009 725 4083 quempiam
747 4009 937 4082 inimicorum,
958 4010 1094 4067 ferociter
1116 4017 1147 4067 tu
1168 4010 1223 4067 iliis
1244 4002 1371 4068 insultes.
1410 4028 1411 4083 ᾗ

198 4129 203 4147 ,
293 4081 647 4175 Sieeimuellentrictum
672 4089 799 4162 prebere
822 4090 944 4163 populo,
967 4090 1104 4163 perfacile
1125 4093 1153 4149 id
1175 4098 1258 4149 esset.
1300 4091 1372 4150 Sunt
1410 4132 1411 4178 1

292 4180 368 4231 surm
382 4164 464 4221 urbes
479 4166 566 4239 mitte,
581 4185 646 4240 quae
659 4170 799 4235 tributum
813 4172 895 4231 nobis
908 4171 1081 4229 conseruntc
1103 4172 1202 4229 herum
1214 4174 1238 4229 si
1262 4172 1370 4230 unicui·

294 4261 351 4320 que
362 4242 570 4326 injungeretur,
583 4246 620 4306 ut
631 4249 730 4326 viginti
739 4251 815 4311 uiros
828 4252 927 4329 aleret,
942 4252 1043 4328 uiginti
1059 4251 1159 4314 millia,
1171 4254 1272 4333 ciuium
1295 4254 1370 4313 virc-
