2875 4984
378 377 415 388 ·‘
503 373 673 454 nuum.
715 373 721 381 ’
1134 381 1191 454 ar*
1310 428 1313 435 ·

82 621 84 626 ,
121 538 243 609 HERC.
267 547 312 610 De
326 551 406 626 pulle
419 547 532 624 quidem
553 551 624 609 nihil
644 537 766 629 amplior
780 549 904 611 dixerint
925 557 991 611 nam
1004 551 1172 611 1111111111

78 627 150 704 ligo.

117 707 270 784 BACCH.
292 705 364 769 Tale
374 711 638 786 igitnrmerlilanlal
650 713 818 772 derideriom
830 710 984 786 Euripidis,
993 713 1081 786 idque
1092 726 1171 772 mor-

75 789 132 847 tui.
179 790 218 847 Et
231 809 314 850 uerno
326 793 396 849 milri
410 793 556 850 hominum
572 796 757 871 persuaserit,
769 797 839 868 qoin
850 810 912 852 eam
927 793 964 850 ad
976 795 1068 853 illum.

115 868 243 930 HERC.
267 871 342 932 Num
353 875 389 932 ad
404 872 518 931 losoroa
527 872 683 932 deorsum?
797 893 802 900 ·

116 949 271 1010 BACCH.
294 953 386 1012 Immo
398 955 502 1027 edepol
516 954 538 1011 11
550 957 619 1027 quid
631 957 726 1014 adhuc
739 961 782 1013 eat
794 955 921 1013 inierim.

112 1027 246 1098 HERC.
269 1032 359 1108 Cujus
373 1033 414 1091 rei
427 1035 579 1109 indigens?

116 1108 267 1170 BACCH.
288 1113 370 1187 Opus
384 1121 427 1172 ost
440 1115 508 1188 milri
528 1115 609 1173 bono
622 1114 735 1190 poitur
752 1115 824 1174 talea
845 1115 921 1173 enim
934 1115 1008 1173 nulli
1021 1121 1089 1175 aunt
1108 1131 1169 1172 arn·

74 1188 176 1263 plius:
199 1196 290 1265 etqui
304 1195 414 1266 vivunt,
429 1197 495 1252 mali
509 1204 585 1252 aunt.

117 1269 244 1331 HERC.
268 1274 343 1342 Quid
359 1273 370 1332 3
394 1293 491 1332 annon
506 1275 621 1350 Iophon
634 1273 728 1333 rirlti

117 1349 271 1412 BACCH.
295 1353 359 1412 Hoc
372 1360 475 1424 tamen,
489 1364 519 1412 et
531 1357 623 1414 solnm
636 1357 730 1412 adhuc
743 1359 874 1429 anpereat
884 1356 1013 1428 bonurn3
1035 1355 1058 1412 ai
1070 1353 1171 1412 saltem
1239 1393 1245 1404 .
1258 1420 1261 1431 Ι

75 1431 191 1488 bonum
204 1435 260 1492 hoc
272 1444 315 1492 est
326 1437 410 1494 etiam
427 1455 435 1494 1
459 1453 517 1494 non
533 1439 605 1494 enim
621 1438 687 1494 sotir
701 1437 762 1494 scio
775 1435 922 1508 quomodo
930 1437 958 1492 ld
969 1453 1085 1510 qnoque
1093 1453 1171 1492 com·

75 1519 209 1584 paralum
225 1517 274 1572 ait.¹
449 1519 453 1524 '

117 1591 243 1652 HERC.
265 1588 371 1652 Nonne
383 1613 452 1670 ergo
465 1593 647 1669 Sophoclem,
663 1595 712 1669 qui
725 1594 808 1668 prior
828 1598 871 1652 eat
894 1583 1045 1672 Euripide,
1058 1609 1170 1658 sumum

76 1691 106 1729 es
121 1674 277 1746 ducturus,
293 1679 316 1732 si
331 1677 449 1733 omnino
463 1677 528 1732 inde
541 1677 664 1748 aliquem
678 1676 799 1733 educere
811 1673 919 1733 debes?
1151 1687 1157 1703 ‘

81 1775 87 1782 ·
120 1752 269 1812 BACCH.
292 1755 323 1812 N
326 1773 375 1829 ou,
391 1757 555 1828 priusquam
572 1756 746 1831 loplrontem
761 1773 886 1814 aeonum
899 1762 1021 1812 tumtum
1036 1755 1172 1828 explora·

76 1849 162 1910 vero,
179 1837 247 1907 qnid
263 1838 341 1894 solus
356 1835 417 1896 sine
429 1836 571 1910 Sophocle
584 1836 679 1896 lacere
699 1838 801 1894 valeat.
845 1835 988 1895 Praeterea
1009 1833 1170 1910 Euripides,

65 1915 169 1979 homo
183 1927 323 1990 uersutus,
338 1919 382 1974 vel
405 1925 557 1976 conaretur
570 1935 629 1976 una
650 1917 707 1975 huc
732 1917 891 1993 aufugere:
920 1917 993 1974 aller
1007 1923 1098 1972 auteur
1114 1919 1171 1970 lam

77 1995 151 2060 illic,
169 2012 254 2069 quum
269 1995 326 2072 hic,
342 1997 432 2054 facilis
446 2006 498 2054 est.

119 2075 245 2140 HERC.
268 2078 383 2152 Agatho
397 2095 463 2134 vero
480 2077 527 2132 ubi
538 2075 602 2132 est?

118 2155 268 2214 BACCH.
289 2158 419 2230 Reliquit
432 2175 477 2212 me
489 2164 519 2214 et
528 2156 612 2229 abiit,
626 2155 717 2214 bonus
728 2153 957 2231 podtaetamicia
967 2149 1169 2214 deciderabllia.

117 2235 242 2296 HERC.
265 2237 333 2308 Quo
347 2245 487 2297 terrarum
501 2237 584 2294 rniser
597 2235 669 2300 ille?

120 2315 267 2379 BACCH.
289 2319 335 2376 Ad
349 2317 507 2376 8111111111
521 2319 627 2390 epulas.

119 2395 243 2455 HERC.
266 2397 412 2458 Xenocles
426 2395 518 2455 vero?

118 2473 271 2535 BACCH.
294 2477 395 2536 Pereat
408 2480 514 2552 utique.

120 2555 245 2616 HERC.
267 2559 461 2636 Pythangelua
474 2566 567 2615 antem
581 2553 595 2613 1

83 2672 86 2683 .
120 2635 285 2717 XANTlI.
307 2639 352 2698 Dc
369 2659 413 2698 me
428 2639 583 2696 veronulla
597 2637 716 2710 nrenlio,
732 2635 778 2693 oni
793 2639 850 2692 tam
873 2635 955 2693 valde
970 2632 1107 2712 premitur
1118 2631 1171 2691 lm·

76 2734 183 2778 merus.

121 2795 246 2856 HERC.
270 2801 378 2857 Annon
392 2799 439 2856 alli
452 2797 498 2854 hic
512 2801 579 2853 sunt
590 2793 805 2859 adnloacontuli,
820 2793 871 2865 qui
885 2795 1037 2866 tragoediaa
1048 2795 1174 2868 iaciunt,-

79 2881 148 2953 plus
158 2899 242 2952 qnam
257 2882 348 2937 decies
359 2877 454 2937 mille?
478 2877 618 2949 Euripide
630 2877 693 2948 plus
705 2892 791 2948 quam
804 2875 895 2932 eladio
909 2872 1114 2946 loquaciores?

121 2959 272 3018 BACCH.
295 2959 421 3036 Rejiculi
432 2961 461 3016 hi
472 2965 537 3016 sunt
548 2957 697 3030 racemuli,⁴
705 2957 857 3028 loquacnli,
865 2953 1051 3011 hirundinum
1065 2965 1172 3026 musea,

79 3043 324 3116 contaminatores
338 3040 418 3114 artis,
432 3041 492 3112 qui,
508 3039 530 3096 si
544 3037 631 3096 modo
646 3037 765 3093 chorum
778 3036 952 3109 acceperint,
966 3042 996 3115 et
1008 3035 1093 3092 remcl
1107 3043 1171 3090 lan-

79 3128 142 3178 tum
158 3123 188 3177 in
202 3117 383 3195 Tragoediam
395 3121 560 3191 minuerint,
574 3117 683 3174 viribus
697 3115 829 3172 exhausti
843 3117 976 3188 protinus
989 3121 1174 3187 eraneacnnt.

79 3199 255 3260 Fecundum
268 3221 338 3258 rero
353 3205 465 3281 po'c'tam
481 3217 541 3255 non
555 3199 677 3274 amplius
686 3196 823 3272 inveniar,
834 3211 945 3270 quaeras
958 3196 1037 3272 licet,
1049 3197 1097 3270 qni
1110 3211 1174 3252 rer·
1222 3212 1224 3219 ·

78 3284 152 3340 bum
164 3299 331 3358 generosum
345 3287 437 3340 sonet.

119 3359 246 3420 HERC.
268 3361 424 3430 Quomodo
437 3354 614 3418 secundum?

122 3441 272 3500 BACCH.
295 3441 340 3500 Ita
354 3443 518 3514 fecundum,
532 3447 564 3496 ut
585 3438 714 3514 proferat
727 3433 859 3492 audacem
874 3434 999 3508 aliquam
1019 3433 1173 3492 dictionem

78 3523 293 3599 hujuscemodi,
308 3517 442 3580 AEthera
460 3519 547 3580 Jooir
568 3519 733 3584 aediculam,
747 3522 798 3573 aut
817 3510 974 3593 Temporis
992 3517 1174 3590 perlem‚aut

80 3603 217 3663 Mentem
228 3607 345 3681 quidem
360 3603 490 3660 noluisse
500 3619 559 3679 per
578 3618 664 3658 encra
669 3601 790 3674 jurare,
805 3595 858 3652 aed
878 3595 1012 3672 linguam
1023 3597 1173 3674 pejerasse

80 3703 217 3743 seorsum
233 3703 252 3742 α
264 3691 390 3741 mento·

124 3761 246 3824 HERC.
269 3764 385 3839 Ergone
399 3765 450 3820 tibi
463 3763 524 3819 haec
538 3758 674 3836 placent?

126 3843 275 3906 BACCH.
299 3843 367 3901 Plus
381 3846 479 3916 utique
491 3855 576 3916 quarn
590 3843 690 3898 insano
704 3839 799 3896 modo.

126 3923 250 3984 HERC.
274 3924 411 3983 Profecto
424 3928 522 3997 inepta
535 3929 614 3995 sunt,
628 3920 674 3976 rel
688 3926 716 3975 te
727 3919 835 3992 judice.
891 3973 895 3978 ,

125 4003 273 4064 BACCH.
296 4005 342 4064 Ne
355 4009 386 4062 tu
400 4023 494 4062 meum
507 4005 616 4060 habiles
629 4002 753 4058 animum
768 4017 778 4055 τ
799 4014 864 4052 nam
878 3995 964 4052 habes
978 3993 1106 4051 domum.

126 4083 249 4146 HERC.
272 4086 363 4159 Atqui
377 4087 495 4143 omnino
508 4085 629 4160 pessima
642 4081 774 4137 ridentur
787 4093 857 4137 ease.
906 4078 910 4089 '
1112 4076 1115 4083 '

87 4165 92 4172 '
128 4163 277 4226 BACCH.
299 4163 601 4224 Coenaremedoceos.

128 4245 292 4305 anTH.
315 4245 359 4304 De
368 4267 413 4306 mo
425 4254 517 4303 autem
531 4247 611 4304 nulla
622 4243 741 4300 mentio.

6 4373 10 4380 -
129 4323 276 4388 Bucen.
297 4326 375 4396 Quin
387 4327 465 4401 audi,
481 4344 535 4401 qua
547 4327 639 4406 gratia
653 4329 681 4380 le
695 4323 819 4380 imtranu
831 4333 893 4377 cnm
905 4315 962 4377 hoe
975 4317 1080 4372 ornatu
1093 4327 1177 4369 reor·

169 4426 241 4466 10111
263 4423 308 4466 tr.
638 4420 651 4459 1
