2875 4984
549 388 667 453 Psx.
1099 396 1158 455 ³15

62 544 236 609 ·‘.YRYG.
257 546 323 608 Viri
342 546 537 625 Megarenses,
549 562 647 611 nonne
658 554 736 611 malo
756 551 886 611 cruciatu
906 551 972 611 hinc
985 551 1156 614 incessetis?

63 628 129 693 odit
151 633 226 689 enim
247 648 298 689 ros
318 629 390 700 Deo,
409 632 541 689 alliorum
561 650 681 709 memor,
701 634 803 708 quihus
825 635 903 691 illam
923 636 1040 693 unxistis
1060 634 1155 710 primi.

63 710 161 771 vonis
178 713 263 770 etiam
279 712 501 770 Atheniensibus
521 714 614 787 edico,
627 720 661 771 ut
681 716 815 773 desinetis
838 717 883 773 isli
903 716 1050 773 adherere
1067 714 1156 789 parti,

62 793 144 849 unde
156 812 235 849 nuuc
248 794 378 849 trahitis:
396 810 456 851 uon
469 794 542 851 eninr
555 796 607 851 nisi
617 794 731 869 judiciis
744 796 908 853 exercendis
925 797 1059 871 occupati
1078 796 1155 854 estis.

63 874 122 933 Sed
136 874 160 930 si
169 874 358 946 cupitisillem
368 874 526 947 extrahere,
541 876 577 931 ad
591 892 667 933 more
679 877 810 933 nonnihil
823 876 955 934 recedite.

104 952 233 1011 CHOR.
255 953 352 1029 Agite,
366 954 462 1025 dvlci,
476 972 649 1027 capessam
662 956 722 1031 jeus
737 974 811 1031 opus
820 974 873 1015 noa
885 958 939 1014 soli
952 957 1108 1033 agricole..

104 1032 236 1093 MERC.
258 1032 394 1093 Procedit
404 1052 473 1093 sone
485 1038 629 1109 negotium
642 1040 736 1095 multo
748 1038 835 1112 magis
847 1038 940 1109 vohis,
955 1038 974 1096 ὀ
990 1037 1053 1095 riri.

104 1112 232 1173 cuolt.
253 1116 306 1173 Ait
317 1116 473 1189 procedere
486 1119 649 1190 negotium:
671 1118 720 1176 sed
733 1120 842 1176 enitere
854 1118 978 1192 quisquis
990 1120 1066 1177 ades.

75 1192 236 1333 1,Τιῑὶῐίὲ
250 1194 387 1255 Proiecto
398 1196 454 1253 soli
465 1198 597 1272 agricole
607 1217 679 1274 opus
687 1200 863 1258 extrahendo
873 1205 1024 1275 peragunt,
1032 1205 1064 1257 ct
1072 1216 1156 1257 nemo

55 1295 74 1333 a
88 1294 148 1333 rus.

103 1353 229 1413 CHOR.
250 1356 314 1432 Age
328 1374 480 1431 nunc,age
494 1358 624 1432 quisque.
668 1360 760 1435 Atqui
771 1361 831 1436 jam
845 1380 938 1437 prope
951 1364 1015 1419 estc
1036 1377 1157 1435 oeergo
1262 1366 1266 1377 '

58 1438 255 1509 remittamus,
274 1439 322 1497 red
346 1439 526 1497 intendamus
546 1440 668 1499 sonim:
688 1442 808 1517 jamjam
826 1443 985 1500 coniectum
1003 1447 1047 1498 ert
1066 1459 1157 1516 nego.

56 1521 149 1614 tium.
192 1514 220 1575 0
241 1520 285 1577 cic
303 1518 428 1593 nunc,d
449 1520 492 1577 eia
512 1539 630 1595 omnesg
653 1521 731 1581 dcis
744 1522 800 1599 eie,
816 1523 834 1581 ὂ
848 1524 958 1600 eineis,
976 1522 1052 1581 deio
1067 1522 1156 1596 cia,d

59 1618 113 1657 era
127 1614 233 1655 omnes.

104 1675 236 1737 TRYG.
259 1678 287 1736 0
301 1675 375 1737 Dira
387 1698 504 1739 uvarum
516 1682 623 1757 datrix,
632 1700 690 1756 qna
699 1687 729 1741 te
741 1684 905 1756 compellem
915 1679 1066 1741 oratione?
1080 1681 1158 1740 unde

55 1777 176 1819 sumam
191 1760 308 1817 vorhusn
322 1761 413 1819 decies
424 1763 499 1819 mille
510 1764 713 1837 amphorarum
723 1782 826 1838 caper,
836 1783 892 1837 quo
902 1771 931 1821 te
942 1764 1059 1821 salutem
1070 1759 1082 1819 i
1096 1778 1157 1818 nun

57 1841 143 1899 enim
165 1840 256 1899 haheo
276 1841 374 1901 domn.
416 1840 444 1899 0
468 1846 556 1915 solve,
570 1842 683 1918 Opere,
697 1852 728 1903 et
749 1851 781 1901 tu
800 1846 885 1903 etiem
907 1844 927 1902 d
950 1840 1086 1901 Theoria.
1127 1839 1157 1901 0

57 1920 161 1993 qualis
179 1928 223 1979 est
242 1923 339 1979 vultus
361 1923 425 1997 tihi,
440 1921 458 1978 d
472 1924 616 1983 Theerisl
639 1926 658 1983 d
670 1926 755 1997 quale
766 1932 797 1983 et
808 1943 892 1998 quens
905 1942 992 1981 suere
1004 1922 1093 1997 spires
1111 1922 1159 1978 in.

58 2006 139 2061 timo
153 2002 250 2075 corde,
265 2002 468 2077 dulcissimum,
488 2008 567 2079 qrnsi
587 2006 765 2064 vacationem
785 2006 892 2063 militlse
913 2012 943 2063 et
963 2000 1155 2080 unguentum!

57 2100 137 2141 num
151 2101 221 2157 ergo
234 2084 332 2142 similis
345 2091 388 2141 est
400 2084 474 2141 odor
487 2091 592 2159 spnrtae
606 2084 755 2144 militaris?

106 2160 401 2221 enodaremus:
409 2165 516 2223 inimici
524 2163 1156 2226 hominisiniestissimnmvestextumrimlnes

58 2243 137 2303 illud
146 2245 220 2304 onim
233 2245 293 2301 olet
306 2251 417 2303 ructum
429 2246 538 2303 acidum
553 2264 652 2322 cepm
676 2249 739 2305 haec
758 2254 850 2305 entem
872 2247 932 2303 olet
953 2263 1047 2319 poma,
1061 2245 1158 2302 conri-

59 2326 156 2394 rium,
163 2323 320 2461 bilionysis,
336 2327 430 2401 tibias,
445 2329 599 2404 tragoedns,
620 2324 771 2405 Sophoclis
792 2328 928 2403 carmina,
940 2328 1052 2401 turdos,
1070 2326 1159 2383 sensi.

62 2406 147 2463 culos
174 2402 348 2479 'uripidis-

108 2481 237 2543 TRYG.
260 2484 349 2546 Plors
360 2493 393 2546 tu
406 2489 530 2562 quidem,
545 2488 595 2563 qui
608 2508 668 2548 esus
682 2490 755 2548 falso
766 2488 934 2547 insimulas:
950 2492 1095 2550 nonenim
1109 2492 1160 2549 de·

62 2570 192 2627 lectatur
204 2566 358 2625 forensium
371 2571 613 2627 oratiuncularunr
626 2570 744 2627 artifice.
980 2625 982 2628 .

109 2644 236 2705 cflolt.
250 2646 403 2720 Hedernm,
414 2650 530 2720 qualum
544 2667 604 2721 quo
617 2656 742 2708 mustum
755 2649 929 2722 percolatur,
943 2648 1071 2708 heleuter
1080 2669 1160 2724 orer,

62 2727 165 2787 sinum
186 2728 335 2787 mulierum
353 2730 389 2787 ad
410 2728 510 2785 furnos
532 2729 742 2803 cursitandum,
756 2730 888 2785 ancillam
908 2730 1102 2807 temulentam,
1115 2733 1159 2789 in·

64 2827 184 2869 versum
199 2812 342 2885 congium,
354 2811 465 2884 alioque
476 2811 566 2867 multa
576 2818 606 2869 ct
619 2812 706 2867 hone.

111 2886 239 2949 MERC.
260 2892 324 2966 Age
343 2890 459 2965 adspice
479 2909 568 2964 nunc,
587 2897 621 2948 ut
646 2893 722 2949 iuter
741 2905 772 2946 se
791 2889 1015 2948 confabulantur
1034 2890 1160 2949 civitates

67 2971 274 3041 reconciliate,
288 2978 318 3029 et
331 2972 427 3031 rident
447 2974 557 3031 luheuti
573 2972 684 3045 animo,
700 2970 812 3030 tametsi
825 2977 894 3027 sunt
905 2988 1002 3028 omnen
1014 2972 1118 3029 mirum
1129 2973 1161 3029 in

67 3051 187 3114 modurn
201 3051 371 3127 suggillare,
382 3062 413 3111 et
423 3054 616 3111 cucurbitulas
630 3051 689 3111 cuti
702 3051 872 3109 inherentes
884 3051 1000 3109 hahent.

112 3130 240 3193 TRYG.
262 3132 300 3191 Et
312 3133 416 3191 horum
429 3136 513 3192 etism
523 3139 714 3208 spectatorum
725 3134 835 3191 intuere
843 3133 952 3206 rultus,
965 3137 998 3188 ut
1008 3148 1162 3213 cognoscas

70 3213 251 3287 singulorum
264 3220 367 3274 erlem·
819 3269 825 3280 s

114 3291 239 3351 MERC.
260 3293 317 3351 Hei
331 3293 435 3353 miseri
465 3292 556 3352 Istum
570 3295 645 3352 enim
659 3296 810 3351 cristarum
823 3293 960 3353 artificem
975 3310 1073 3352 nonne
1085 3294 1163 3372 rides

70 3380 161 3433 namet
181 3375 359 3433 vellicantem
374 3375 385 3433 i
407 3376 455 3434 ille
467 3374 561 3434 autem
574 3377 622 3449 qui
644 3374 754 3451 ligones
768 3374 881 3433 iactitat
894 3374 1013 3449 obpsuit
1023 3373 1081 3448 jem
1096 3374 1162 3432 huic

70 3456 179 3513 ensium
189 3454 285 3513 febro.

113 3532 241 3593 TRYG.
268 3534 311 3593 At
321 3535 452 3594 fulcarius
465 3554 561 3595 nonne
573 3536 649 3597 rides
662 3541 694 3593 ut
705 3536 837 3613 gendm,
850 3540 881 3594 et
893 3535 1036 3596 hastarum
1042 3523 1164 3592 ‘lehrum

71 3620 105 3675 ut
120 3616 210 3689 digito
223 3616 323 3674 infami
335 3616 439 3677 notet?

114 3694 241 3755 Multo.
262 3697 327 3770 Age
340 3714 417 3754 nunc
427 3697 500 3772 jube
512 3699 649 3772 agricolas
662 3699 752 3756 abire.

114 3774 243 3837 TRYG.
266 3776 369 3839 Audite
388 3779 509 3851 populi:
534 3780 666 3853 agricolas
680 3779 794 3852 abeant,
808 3776 907 3834 sumtis
926 3774 1039 3835 rusticis
1057 3775 1164 3832 instru-

73 3859 185 3929 mentis,
199 3858 228 3915 in
242 3876 341 3933 agrum
356 3858 597 3932 quamcitissime,
617 3862 678 3916 sine
694 3860 776 3919 hosts
795 3864 824 3913 et
849 3857 908 3913 sine
927 3858 1035 3930 gladio,
1056 3860 1086 3911 et
1104 3856 1166 3914 siue

71 3937 182 4015 jaculo.
222 3936 298 3997 Nam
315 3941 411 3997 omnin
426 3938 487 4013 jans
509 3941 603 4011 plens
614 3939 660 3998 hic
673 3947 739 3997 suut
750 3937 830 4012 pacis
842 3940 988 4009 antique:
1010 3934 1059 3993 scd
1077 3952 1165 3992 unus.

77 4018 197 4097 quisque
210 4024 257 4077 eat
271 4018 308 4077 ad
323 4038 394 4095 opus
408 4019 569 4077 faciendum
582 4021 612 4076 in
626 4037 725 4093 agrum
740 4024 856 4078 motato
869 4014 978 4075 Peene

117 4096 242 4165 CHOR,
264 4098 293 4156 0
303 4098 361 4157 dics
375 4106 475 4175 optate
484 4100 566 4174 justis
579 4105 609 4156 et
625 4100 769 4173 agricolis,
784 4102 935 4173 postquem
955 4103 984 4156 te
1002 4095 1102 4154 lubens
1114 4094 1166 4152 ed.

77 4180 171 4254 speri,
184 4181 336 4238 convenire
347 4184 415 4239 solo
428 4184 517 4252 rites3
540 4186 626 4253 atquc
639 4180 723 4237 etiem
738 4178 816 4249 heus,
829 4196 899 4253 quus
915 4196 968 4254 rgo
980 4179 1036 4239 seri
1052 4175 1164 4252 junior,

78 4263 203 4322 salutare
215 4260 324 4325 animus
335 4268 379 4321 est
391 4263 474 4325 nohis
486 4264 576 4338 longo
588 4266 654 4336 post
667 4266 805 4334 tempore.
1073 4263 1076 4268 ’
