2875 4984
278 349 342 417 204
621 342 1026 410 ARISTOPHANIS

324 510 382 571 Ill.
404 510 472 581 Qua
483 509 558 571 enim
571 510 627 569 alin
638 510 686 569 via
697 510 766 569 deos
778 509 877 567 solare
890 504 1031 585 oportet?

325 591 457 653 PlSTH.
480 591 558 651 lllnd
579 592 707 665 equidem
728 591 825 651 hercle
848 594 972 666 ignores
993 590 1047 647 hac
1060 586 1174 663 quidem
1195 589 1279 648 certe
1302 606 1375 647 non.

284 673 366 743 Quin
388 673 570 733 nuncetiam
590 672 697 747 injuria
716 690 756 730 es.
798 671 840 728 At
861 672 981 729 hoccine
1001 672 1065 745 scis,
1080 677 1109 728 te
1131 688 1217 729 unam
1240 671 1376 727 omnium
1404 692 1405 699 ἒ

286 754 398 814 Iridum
410 773 521 813 summo
531 754 600 830 jure
619 754 851 829 comprehensam
872 750 960 813 fuisse
973 751 1153 831 moriturum,
1168 754 1191 811 si
1205 750 1328 828 quidem
1341 766 1377 809 ex

284 835 390 896 merito
404 834 587 911 plecteretis?

328 915 384 976 lu.
405 918 495 990 Atqui
510 914 675 975 immortalis
687 932 760 973 snm.

329 996 458 1057 PlSTH.
479 998 521 1055 At
540 998 581 1054 sic
601 1002 696 1055 tameo
709 992 848 1071 periisses.
889 992 1075 1053 Intoleranda
1088 992 1165 1053 enim
1176 992 1262 1051 nobis
1276 992 1376 1051 eveni-

287 1082 350 1151 ant,
364 1098 426 1137 mea
447 1080 597 1150 sententia,
611 1076 636 1135 si
652 1078 752 1136 ceteris
766 1074 880 1150 quidem
902 1075 1117 1151 imperitemns;
1138 1093 1191 1133 sos
1211 1078 1313 1150 autem
1336 1073 1374 1130 dii

287 1162 447 1234 petulantes
460 1160 532 1233 sitis,
542 1164 571 1215 ct
584 1175 643 1217 non
654 1158 824 1233 agnoscatis,
840 1158 933 1231 nobis,
945 1160 1047 1233 utpote
1060 1156 1232 1231 potioribus,
1247 1152 1375 1211 invicem

288 1240 508 1299 auscultandum
531 1256 600 1298 esse.
642 1236 785 1311 Eloquere
805 1254 875 1296 sero
898 1238 979 1315 mihi,
994 1256 1053 1312 quo
1077 1242 1106 1296 te
1126 1236 1236 1295 alarum
1250 1235 1375 1311 remigio

288 1337 364 1379 aas.

305 1338 388 1458 gill.
411 1398 533 1476 ligone?
554 1400 591 1458 ad
602 1398 731 1458 homines
743 1418 761 1457 a
774 1403 855 1473 patre
867 1400 982 1473 desolo,
996 1397 1176 1472 mandatura,
1191 1394 1254 1454 Diis
1267 1393 1374 1471 Olym·

287 1477 343 1555 piis
356 1489 391 1538 nt
402 1482 574 1557 medicant,
588 1499 654 1540 ores
668 1482 812 1555 boreaque
825 1480 855 1537 in
868 1482 924 1539 aris
944 1486 1081 1557 mactent,
1095 1488 1126 1539 et
1139 1478 1267 1553 comptu
1288 1475 1372 1534 nido·

288 1581 322 1621 re
335 1563 475 1637 repleant.

327 1640 453 1701 PlSTH.
475 1642 552 1712 Quid
563 1642 604 1700 ais
616 1641 670 1700 tut
692 1640 794 1715 quibus
806 1639 881 1699 diis?

328 1720 386 1781 Ill.
408 1722 545 1791 Quibus?
566 1723 660 1796 nobis,
673 1723 703 1778 in
716 1723 792 1781 coelo
804 1722 854 1796 qui
866 1738 973 1797 sumus,
986 1719 1051 1781 diis.

329 1800 459 1861 PlSTH.
481 1802 543 1861 Vos
556 1804 662 1863 scilicet
675 1801 721 1860 dei
733 1802 823 1861 estis?

330 1880 389 1941 lli.
411 1881 450 1941 Et
462 1884 524 1957 quis
536 1902 605 1943 vero
619 1884 690 1941 alius
703 1890 747 1941 est
758 1884 846 1941 deus?

329 1961 459 2022 PISTH.
483 1967 560 2023 Ares
574 1965 736 2022 hominibus
751 1981 828 2021 nuno
840 1967 905 2021 sunt
920 1961 971 2037 dii,
983 1960 1088 2037 quibus
1100 1959 1184 2021 etiam
1198 1960 1315 2037 operari
1324 1960 1370 2019 de·

290 2049 348 2117 cet,
363 2062 422 2103 non
435 2052 541 2118 antem,
554 2046 596 2103 ita
608 2062 653 2104 me
666 2044 783 2119 Jupiter
796 2051 882 2119 amet,
896 2041 917 2101 J
919 2044 976 2101 osi.

332 2122 389 2184 Ilt.
412 2123 440 2183 0
461 2128 558 2199 stulte,
569 2129 667 2201 stulte,
680 2142 780 2201 graves
802 2144 839 2183 ne
852 2142 998 2183 commove
1010 2123 1128 2181 deornm
1144 2122 1213 2197 iras,
1228 2128 1262 2180 nt
1273 2141 1313 2181 ne
1323 2140 1369 2195 ge·

291 2224 346 2262 nsss
361 2224 445 2263 omne
458 2214 537 2264 tunm
550 2208 586 2263 ad
600 2206 821 2264 internecionem
838 2203 858 2263 J
861 2207 921 2264 osis
941 2206 1036 2280 ligone
1048 2204 1176 2262 funditus
1189 2210 1303 2263 evertat
1316 2203 1368 2263 Ju-

290 2286 378 2358 stitia,
391 2286 481 2361 fuligo
493 2291 587 2343 antem
601 2282 745 2363 Licymnii
758 2286 881 2344 fulminis
894 2291 976 2345 tuum
990 2302 1096 2362 corpus
1109 2285 1269 2361 artiumque
1281 2283 1368 2345 ambi·

290 2372 352 2423 tum
366 2368 396 2421 in
410 2367 516 2424 cineres
529 2365 648 2441 redigat.

332 2442 462 2502 PISTH.
484 2446 712 2503 Auscultarlum:
735 2446 830 2504 desine
839 2444 1014 2505 tumidorum
1026 2446 1180 2505 verborum
1195 2446 1288 2506 inanis
1301 2452 1367 2505 stre·

290 2524 389 2595 pitus:
411 2527 533 2599 quiesce.
575 2526 651 2605 Age,
664 2526 711 2584 dic
725 2527 804 2602 mihi,
818 2524 969 2605 Lydnmne
979 2528 1155 2602 quempiam,
1169 2546 1207 2587 an
1227 2526 1367 2606 Phrygem

205 2608 208 2611 ’
292 2605 337 2662 his
348 2606 430 2664 dictis
442 2608 663 2680 perterrefacere
674 2613 704 2665 tc
716 2614 800 2682 putas
812 2606 824 2666 t
846 2607 917 2665 scin’
930 2626 1010 2685 sero,
1022 2609 1046 2665 si
1059 2607 1173 2683 Jupiter
1186 2610 1309 2686 amplius
1321 2608 1367 2665 mi-

291 2685 323 2742 hi
342 2689 476 2746 molestus
496 2686 596 2763 fuerit,
611 2707 657 2747 me
679 2690 753 2747 aedes
772 2690 857 2765 ipsius
871 2694 900 2746 et
911 2690 1011 2747 domos
1024 2689 1195 2763 Amphionis
1207 2692 1366 2747 combustu-

291 2784 353 2824 rum
375 2767 500 2843 igniferis
520 2768 645 2843 aquilis?
674 2771 840 2843 mittamque
860 2769 1072 2848 porphyriones
1093 2770 1125 2827 in
1147 2771 1249 2829 coelum
1269 2775 1367 2829 contra

291 2865 357 2907 enm
370 2852 463 2923 alites,
478 2852 560 2925 pardi
581 2851 656 2924 pelle
678 2851 808 2925 amictos,
823 2868 941 2930 numero
955 2852 1016 2925 plus
1030 2869 1113 2925 quem
1127 2857 1289 2909 sexcentos.
1332 2850 1365 2909 Et

291 2930 406 3002 quidem
431 2949 505 2987 unus
521 2931 587 2987 olim
610 2927 796 3007 Porphyrion
817 2933 962 3007 negotium
984 2934 1010 2989 ei
1023 2932 1163 2990 exhibuit.
1207 2930 1252 2989 Tu
1264 2950 1334 2990 sero
1344 2932 1365 2990 ei

291 3008 360 3065 mihi
374 3011 441 3067 odio
454 3029 514 3068 esse
527 3029 638 3085 pergas,
652 3016 701 3068 tua
712 3014 835 3084 primum
846 3012 959 3071 famule
973 3030 1058 3070 crura
1070 3013 1230 3088 sustollens,
1245 3013 1364 3071 femora-

290 3107 347 3161 qne
360 3090 506 3161 diducens,
519 3091 609 3164 ipsam
632 3088 736 3149 lridem
760 3094 858 3150 inibo:
879 3099 913 3151 nt
932 3093 1054 3169 mireris,
1069 3094 1215 3169 quomodo
1225 3093 1296 3153 milri
1315 3096 1365 3151 hoc

290 3175 410 3227 senecte
423 3173 504 3243 penis
517 3173 588 3229 adeo
600 3172 701 3246 rigeat,
716 3172 753 3229 ad
766 3181 920 3247 ternosque
932 3176 1025 3233 valeat
1038 3190 1226 3249 compressus.
1406 3178 1407 3195 ¹

331 3246 388 3304 IR.
409 3248 570 3325 Dispersus,
585 3254 691 3327 inepte,
705 3271 769 3311 cum
781 3255 842 3313 istis
854 3257 909 3313 tuis
921 3255 1014 3312 dictis.

286 3414 300 3467 1
330 3325 457 3449 ΙίΙΒΤΗ.
479 3329 550 3389 Non
570 3340 602 3389 tn
622 3332 687 3393 hinc
706 3340 736 3392 te
749 3336 910 3411 proripies?
931 3352 1029 3394 nonne
1042 3334 1192 3395 confestim
1204 3353 1304 3413 eures,
1319 3351 1364 3412 pa·

301 3427 352 3468 ax.

331 3489 385 3551 lu.
407 3488 497 3560 Quod
511 3491 535 3551 si
547 3492 621 3552 hanc
640 3500 718 3553 tnam
731 3496 909 3556 insolentiam
923 3502 1004 3572 pater
1016 3514 1094 3556 meus
1107 3515 1169 3556 non
1182 3512 1362 3571 compescue-

286 3572 367 3629 rit-
708 3615 712 3620 .

328 3649 454 3711 PISTH.
477 3652 531 3713 Vre
553 3654 656 3713 misero
678 3654 765 3714 mihi!
787 3676 883 3717 noune
902 3659 961 3717 alio
985 3658 1104 3716 evolans
1114 3656 1197 3717 fumo
1210 3664 1239 3717 et
1249 3656 1363 3735 fuligine

286 3732 415 3806 implebis
424 3733 573 3807 juniorum
587 3734 729 3809 aliquem?

328 3811 453 3872 cflou.
475 3813 675 3873 interdiximus
697 3836 733 3875 ne
753 3819 874 3892 amplius
886 3816 962 3877 Jove
975 3820 1037 3876 nati
1048 3819 1087 3877 dii
1101 3837 1153 3893 per
1166 3837 1255 3877 meam
1269 3824 1361 3877 hans.
1406 3840 1407 3933 p

287 3900 355 3949 eant
374 3896 484 3967 urbem,
498 3914 568 3953 nese
580 3898 727 3969 quisquam
741 3901 868 3958 mortalis
876 3900 1002 3959 victimas
1015 3901 1045 3957 in
1060 3901 1171 3977 templis
1184 3900 1300 3958 adolens
1313 3902 1363 3959 hac
1406 3934 1407 3977 ,

287 3971 406 4043 emplius
419 3976 454 4031 ad
467 3978 774 4035 deosmittatfumum.
876 4032 882 4043 ,

328 4048 454 4111 PlSTli.
475 4054 580 4115 Metuo
599 4077 667 4117 sane
686 4078 860 4135 praeconem,
876 4059 923 4137 qui
942 4060 979 4119 ad
999 4060 1124 4121 homiues
1143 4036 1275 4137 ebiit,ne
1287 4078 1358 4121 uun·
1406 4114 1407 4143 ,

286 4148 372 4203 quom
386 4142 555 4194 revertatur.

329 4208 455 4270 PRAEC.
476 4214 504 4272 0
520 4216 728 4293 Pisthetere,‹⁴2
748 4218 876 4295 uertet
897 4220 1144 4297 sapien-tissimefs
1167 4224 1354 4297 celeberrime,

286 4292 306 4350 t
324 4293 536 4376 sapientissime,
553 4301 572 4358 ὃ
586 4300 763 4381 politissime,
776 4304 796 4365 o
808 4303 946 4381 terbeate,
961 4300 980 4361 6
995 4304 1137 4363 silentium
1150 4304 1268 4381 impera,
1406 4294 1407 4303 ¹
