2875 4984
416 382 840 452 ECCLIISIAZUSAE.
1128 389 1187 446 let

75 547 197 620 turum,
212 541 264 618 qui
276 545 377 606 sellem
390 547 436 606 rel
450 545 612 628 pauxillum
627 547 730 608 mentis
743 541 869 606 bebeetl
890 548 1066 622 nequeenim
1079 567 1186 608 emere

75 633 193 685 nostru
207 627 284 684 istuc
297 634 360 688 est:
390 630 440 687 sed
463 647 518 688 nus
538 647 644 704 capere
662 634 777 688 tentum
791 636 923 703 opertet,
936 632 978 688 ite
998 648 1045 688 me
1066 627 1187 706 Jupiter

75 713 174 766 amet.
219 707 335 783 Quippe
353 709 394 768 ite
408 717 437 768 et
448 708 489 768 dii
503 711 619 768 solenus
638 713 667 770 id
681 717 779 770 eutem
792 727 827 768 es
845 711 963 768 illorum
985 712 1117 769 munibus
1131 731 1185 769 nu.

75 803 169 847 scete
191 791 347 850 stmulocre
359 791 476 865 eteniru‚
491 809 576 866 quum
589 791 734 850 fundimus
747 807 859 865 preces,
873 793 1086 851 utbonenebis
1099 793 1185 868 largi.

75 874 188 945 entur,
202 877 283 931 stunt
297 889 384 930 menn
395 873 500 949 eupiunt
515 881 664 950 porrecte,
679 889 741 932 nou
751 874 834 946 quusi
846 874 998 948 quicquum
1008 874 1126 950 ustura,
1136 875 1187 934 sed

73 956 114 1006 nt
124 952 238 1025 aliquid
252 954 405 1028 accipiant.

123 1029 210 1092 VIR
223 1031 246 1091 I.
268 1032 296 1094 0
317 1035 517 1110 perditissime,
532 1031 620 1094 sinito
640 1035 782 1110 mequod
804 1035 886 1094 iectu
904 1041 950 1094 est
971 1054 1045 1112 opus
1065 1033 1182 1096 feceret

74 1111 146 1170 baec
160 1114 239 1172 enim
254 1114 417 1190 colligenda
430 1116 585 1176 mibisnnt.
628 1113 698 1185 Quo
710 1115 784 1176 obiit
796 1113 917 1174 lorum?

124 1191 208 1252 VIR
222 1193 268 1254 II.
290 1196 371 1266 Quid
383 1197 481 1258 euim?
500 1215 600 1258 revere
612 1197 676 1257 brec
689 1195 787 1256 teresi

123 1273 210 1334 VIR
224 1274 250 1335 1.
271 1276 346 1338 Seue
359 1279 477 1354 berele;
498 1283 630 1354 adeoque
640 1278 702 1355 jum
716 1279 791 1338 duos
805 1279 858 1336 bos
880 1276 1011 1354 tripodas
1030 1295 1088 1336 une
1101 1279 1185 1342 simul

78 1357 154 1416 colli
177 1377 209 1416 ο.

128 1377 213 1497 vgffl
229 1437 273 1500 11.
295 1437 400 1517 Oque
414 1439 577 1504 dementiel
598 1457 661 1500 non
669 1440 801 1518 opperiri
812 1439 934 1518 te,.quid
944 1437 992 1496 elii
1000 1439 1108 1500 secturi
1120 1442 1188 1518 siut,

75 1537 114 1578 ec
132 1524 197 1578 tum
212 1519 366 1580 demum-

123 1598 207 1659 VIR
222 1599 248 1659 1.
261 1601 349 1672 Quid
363 1613 423 1664 tum
437 1606 550 1664 demum
561 1602 679 1663 iaceret

123 1679 207 1740 VIR
223 1681 268 1742 11.
290 1685 396 1746 Adhuc
409 1688 552 1764 upperIrI,
568 1686 686 1760 pestille
698 1701 771 1744 vero
785 1682 916 1744 cunctari
925 1682 1089 1742 etiamnum.

120 1761 205 1820 VIR
220 1762 246 1822 Ι.
268 1763 463 1834 Quamobrem
477 1765 612 1827 taudem?

124 1842 210 1902 VIR
224 1845 268 1905 II.
291 1846 321 1906 si
336 1856 420 1908 terre
433 1855 528 1908 motus
553 1850 653 1907 creber
667 1846 797 1922 lictant
817 1845 886 1903 meli
905 1846 969 1918 quis
990 1847 1062 1920 ignis
1081 1848 1184 1906 omiuis

77 1927 202 2000 emicet,
218 1932 402 1990 animustele
416 1930 567 2000 transiliet,
582 1930 714 1988 desiccat
728 1928 864 2004 profecto
882 1945 980 1986 onmes
991 1927 1068 1986 boue
1081 1945 1134 1985 sne
1152 1931 1185 1988 in

76 2006 184 2064 ferum
198 2007 321 2087 deferre,
335 2013 354 2071 d
368 2001 489 2086 stupide.

123 2087 207 2148 VIR
222 2087 248 2148 1.
270 2089 382 2168 Lepide
395 2092 492 2150 hercle
512 2109 621 2150 mecum
640 2095 788 2167 operetur,
802 2090 838 2162 si,
852 2089 918 2146 dnm
932 2087 1094 2162 opportuer,
1108 2088 1185 2146 inte.

77 2171 137 2227 rim
155 2189 215 2228 non
231 2171 362 2233 haberem
377 2174 428 2232 nbi
442 2173 521 2230 istaee
534 2173 719 2249 deponerem.

122 2249 206 2310 VIR
220 2251 264 2311 ΙΙ.
284 2255 328 2314 At
340 2256 416 2316 enlm
431 2255 528 2330 potius
543 2255 652 2328 tiuuees,
667 2258 702 2311 ut
714 2249 846 2312 alicunde
859 2267 967 2324 cepere.
986 2250 1088 2323 posuis.
1129 2247 1185 2310 Sod

76 2332 195 2392 habeto
216 2335 324 2395 bonnm
344 2337 480 2413 animum,
495 2336 635 2413 depones,
648 2335 759 2394 etiamsi
772 2335 810 2392 ed
833 2333 961 2390 initimum
984 2333 1087 2390 mensis
1108 2331 1184 2390 diem

79 2431 211 2472 renerus.

122 2493 205 2554 VIR
220 2495 246 2556 Ι.
267 2497 418 2568 Quidum?

125 2572 207 2636 VIR
218 2575 264 2637 II.
286 2577 350 2657 Ego
363 2590 478 2643 nestros
498 2581 628 2642 homines
649 2579 731 2656 noel,
747 2579 838 2654 quiin
857 2575 1039 2634 decernendo
1053 2593 1184 2649 prepro-

78 2659 149 2735 peri
163 2665 243 2732 sunt,
258 2679 293 2720 ue
307 2681 421 2724 rursum
436 2669 543 2742 negent
554 2664 685 2721 tecturus
699 2678 741 2736 ue,
756 2679 820 2736 qne
834 2658 950 2716 decretu
962 2655 1081 2716 luerim.

124 2738 206 2799 VIR
221 2739 248 2802 1.
268 2741 327 2802 Sua
340 2747 579 2822 comportabunt,
595 2742 614 2802 ὂ
628 2743 729 2800 emico.

120 2819 204 2881 VIR
218 2821 263 2882 ΙΙ.
286 2825 396 2886 Sirero
409 2827 589 2900 uenierunt,
603 2823 672 2898 qnid
685 2819 770 2880 tumi

125 2901 206 2962 VIR
221 2902 249 2963 1.
270 2905 393 2966 Secum
406 2916 481 2984 estu,
497 2905 601 2966 terent.

123 2981 204 3044 VIR
214 2982 261 3046 11.
282 2985 312 3047 Si
325 3007 395 3051 vero
408 3008 468 3050 non
481 2988 589 3059 ferent,
602 2984 673 3061 quid
688 2979 772 3044 tumr

123 3063 205 3124 VIR
219 3064 245 3126 1.
267 3064 339 3130 Cum
353 3069 424 3146 ipsis
438 3070 639 3148 pugnubImuu.

123 3145 207 3206 VIR
220 3146 267 3210 ΙΙ.
289 3150 320 3211 Si
333 3169 403 3212 rere
415 3155 579 3227 superiores
592 3152 691 3221 eruut,
707 3143 775 3220 quid
790 3137 876 3202 tnml

123 3225 207 3288 VIR
221 3227 248 3289 Ι.
271 3230 383 3309 Abibo,
396 3229 623 3308 supellectilibus
638 3227 756 3288 relictis.

124 3307 207 3369 VIR
222 3310 268 3371 ΙΙ.
289 3313 317 3374 Si
330 3313 629 3386 recommendant,
644 3307 715 3386 quid
729 3302 815 3366 turn?

124 3387 207 3452 VIR
219 3389 247 3452 Ι.
268 3391 476 3471 Disrumperis.

131 3470 209 3533 VIR
220 3472 264 3534 11.
285 3475 316 3536 Si
329 3493 402 3536 reru
414 3478 586 3554 dturnmper,
599 3471 668 3548 quid
683 3464 769 3530 tum?

126 3550 207 3612 VIR
221 3551 247 3614 Ι.
270 3555 348 3618 Bene
361 3557 459 3617 iacies.

123 3633 207 3694 VIR
221 3635 267 3697 11.
288 3639 335 3698 Tu
351 3658 420 3698 vero
430 3639 506 3698 ierne
518 3637 673 3698 etiamnum
687 3625 810 3707 euple?

123 3713 203 3776 VIR
219 3716 245 3775 I.
268 3718 428 3795 Egosnue:
452 3738 573 3794 nemque
582 3717 691 3775 virtues
700 3729 779 3772 meos
793 3707 877 3766 rideo
886 3721 941 3764 sue
953 3707 1184 3800 comportantes.
1261 3715 1264 3719 ’

124 3795 206 3857 VIR
220 3797 264 3859 11.
287 3800 432 3860 Ntmirum
455 3799 644 3860 Andstbeues
670 3813 724 3854 rue
742 3785 876 3850 deteret?
899 3784 1001 3846 Multo
1023 3801 1091 3844 sene
1112 3785 1186 3861 lepu-

81 3884 145 3942 dius
159 3882 185 3940 ei
196 3881 341 3942 rideretur
356 3885 423 3960 plne
431 3899 521 3958 quem
531 3880 650 3955 triginta
663 3876 723 3936 dles
738 3874 819 3950 prins
832 3885 943 3938 bewe,

124 3960 203 4023 VIR
219 3961 246 4022 1.
270 3964 369 4026 Plora.
740 3967 744 3973 ’

124 4041 207 4105 VIR
222 4041 267 4104 ΙΙ.
290 4046 482 4106 AutImechns
491 4048 585 4103 eutem
599 4039 681 4102 ebori
690 4036 826 4114 magister
839 4029 911 4107 quid
924 4029 955 4087 In
967 4044 1122 4087 eommune
1135 4026 1186 4086 de·

80 4127 159 4186 ieret
172 4125 250 4202 plus,
265 4145 351 4203 quem
367 4126 497 4188 Gelbes?
521 4123 662 4186 Proiecto
676 4121 725 4182 bic
736 4119 826 4178 bomo
839 4130 901 4172 rem
910 4129 991 4169 suem
1005 4110 1118 4186 perdet.

122 4205 202 4267 VIR
214 4205 240 4266 Ι.
261 4206 390 4270 Moleste
402 4208 541 4282 loqueris.

123 4290 206 4352 VIR
216 4291 260 4352 II.
281 4291 363 4364 Quid
376 4289 517 4350 moleste?
542 4289 625 4364 quasi
638 4301 698 4344 nou
710 4280 822 4340 rideam
835 4272 967 4349 qnotidie
978 4267 1123 4347 ejusmodi
1136 4265 1187 4328 dc·
1300 4277 1304 4282 ’

82 4383 163 4438 creta
175 4375 247 4438 fieri.
289 4373 362 4440 Non
374 4371 444 4436 illud
456 4370 621 4448 numenei,
635 4362 715 4444 quod
726 4360 763 4422 de
775 4361 836 4424 unte
848 4357 959 4416 tectum
972 4352 1038 4412 euti
