2875 4984
502 354 645 422 ΗΕΒ.
1066 372 1124 431 189

51 518 310 600 neopolitanus,
324 516 375 593 qui
391 515 461 577 dicit
472 519 604 581 drudam
618 539 698 581 arem
711 524 780 581 ente
792 524 888 583 omnia
902 524 1024 601 primum
1039 529 1128 587 exsti.

52 611 122 680 tisse,
135 609 194 680 ipsa
206 605 303 663 Terra
315 600 441 675 priorem
453 620 462 658 r
485 602 588 662 deinde
598 605 704 662 morbo
716 608 827 679 patrem
842 606 903 680 ejus
916 608 1004 667 luisse
1016 613 1127 670 exstin.

52 698 130 760 ctum,
143 706 232 759 quum
246 683 338 741 Terra
358 682 486 739 nondum
498 690 594 742 eset:
617 686 697 742 illum
715 692 807 743 eutem
818 685 941 761 jacuisse
953 690 1126 765 insepultum

51 772 83 827 ad
93 769 220 842 quintum
234 782 329 837 nsque
340 762 413 819 diem
426 781 435 819 r
458 764 535 821 illam
558 784 627 823 rero
640 767 742 824 consili
755 776 899 838 expertem
914 787 973 843 prae
986 771 1126 831 inclucts-

52 850 95 907 bili
108 853 145 907 rei
157 849 337 917 difficultate,
352 850 462 917 patrem
476 861 558 903 suurn
572 846 602 903 in
617 847 712 921 capite
726 850 943 907 contumulasse.

85 928 199 988 EUEL.
221 926 310 987 Pater
330 926 427 1001 itaque
439 925 546 985 alaudae
570 946 646 986 nnuc
660 930 792 986 conditus
814 938 858 987 est
880 939 1081 1005 postmortem
1094 933 1126 997 in

53 1008 182 1070 Oebalis.

85 1030 137 1149 iii).
160 1091 272 1150 Nonne
291 1088 399 1161 itaque,
413 1087 437 1145 si
459 1084 552 1146 Terra
569 1090 693 1163 priores,
707 1088 874 1164 prioresque
887 1094 940 1151 diis
953 1095 1125 1168 exstiterint,

53 1175 81 1233 sd
93 1193 150 1248 eos,
162 1179 269 1247 utpote
281 1170 504 1241 antiquissimos,
513 1170 591 1244 juste
604 1172 759 1245 pertinebit
772 1190 889 1245 rognum
901 1173 912 1230 ἓ

86 1253 199 1317 Eunu.
223 1250 393 1309 itabercle:
415 1258 593 1325 quapropter
605 1253 687 1309 raldo
700 1254 728 1308 in
744 1261 887 1326 porterum
904 1263 1022 1331 oportet
1035 1263 1064 1319 te
1077 1278 1127 1319 ro.

53 1343 131 1395 strum
144 1337 232 1393 alere.
274 1331 344 1391 Nou
358 1329 433 1388 enim
447 1331 530 1388 tacite
542 1329 660 1407 Jupiter
673 1340 818 1407 sceptrum
831 1338 963 1395 restituet
977 1341 1053 1413 pico.

86 1415 207 1477 PlSTH.
230 1413 277 1473 De
288 1413 341 1471 diis
353 1430 433 1486 sane,
448 1430 497 1469 eos
508 1414 537 1469 in
554 1413 681 1471 homines
695 1433 754 1471 nou
768 1415 897 1475 babuisse
912 1420 1058 1492 imperium
1073 1439 1126 1478 au.

54 1498 171 1575 liquitur,
188 1498 239 1555 sed
252 1495 322 1552 illud
337 1511 423 1567 penes
435 1510 499 1550 aree
513 1494 611 1568 inisse,
625 1512 731 1567 eosque
745 1514 885 1572 regnasse,
902 1500 992 1556 multa
1004 1502 1127 1559 suntin.

55 1579 127 1639 dicio.
169 1581 217 1637 Ac
232 1578 355 1653 primum
369 1575 496 1647 quidem,
513 1581 545 1631 ut
558 1570 629 1631 inde*
641 1576 749 1652 ordiar,
766 1579 847 1635 robis
860 1580 1005 1637 ostendam
1019 1582 1126 1655 gallum

56 1678 131 1735 regno
143 1663 271 1737 potitum
291 1657 390 1728 fuisse,
404 1653 555 1729 Persisque
576 1657 729 1730 imperasse
743 1666 810 1717 ente
824 1676 932 1729 omnes,
949 1658 1128 1735 Duriumque

56 1748 81 1796 ct
98 1741 309 1819 Megabyzum:
332 1742 514 1811 quapropter
537 1737 702 1796 nominetur
725 1740 887 1799 adhucdum
901 1739 1031 1801 Persicus
1056 1744 1127 1819 aler,

57 1839 85 1877 er
97 1842 128 1880 eo
140 1827 176 1881 im
200 1823 273 1881 erio.

89 1842 203 1965 nusi).
225 1901 298 1961 Ideo
311 1898 443 1957 videlicet
455 1915 533 1957 nunc
547 1900 643 1974 etiam,
658 1900 702 1960 uti
716 1899 840 1978 Magnus
851 1901 928 1975 Rex,
942 1903 1067 1979 graviter
1082 1906 1128 1962 in.

59 1986 132 2058 cedit,
145 1987 248 2044 tiaram
260 1984 290 2039 in
305 1981 400 2055 cepito
408 1998 524 2059 gerens,
538 1984 615 2038 solus
629 1982 742 2056 alitum,
758 1990 872 2043 rectam.

90 2064 212 2125 PISTH.
234 2063 360 2121 Tantum
383 2069 478 2118 eutem
502 2063 607 2135 potuit,
621 2069 759 2137 tantaque
781 2064 845 2138 ejus
867 2071 927 2122 tum
951 2063 1006 2121 fuit
1025 2063 1127 2137 imperi

58 2149 210 2222 magnitudo
218 2153 249 2204 et
260 2143 394 2219 dignitas,
408 2150 441 2199 ut
453 2142 489 2199 ad
503 2143 559 2199 hoc
572 2161 663 2215 usque
676 2150 800 2218 tempus,
814 2152 933 2219 propter
947 2150 1128 2218 potestatem,

59 2244 131 2297 quam
143 2235 212 2287 tune
220 2227 288 2285 olim
298 2224 434 2296 obtinuit,
444 2223 560 2296 quando
569 2225 748 2283 solummodo
761 2226 885 2283 diluculo
898 2226 1065 2300 cantarent,
1077 2244 1129 2285 ex.

60 2308 141 2366 sitiant
154 2328 252 2367 omnes
268 2307 305 2363 ad
318 2322 403 2378 opus,
417 2306 521 2377 aerarii,
536 2302 629 2379 figuli,
643 2306 770 2377 coriarii,
784 2312 907 2382 sutores,
923 2308 1071 2380 balnearii,
1085 2309 1129 2377 ia,-

59 2390 116 2448 rine
136 2393 311 2461 venditores,
326 2388 493 2463 clypeorum
516 2386 699 2462 lyrarumque
719 2387 910 2466 coniectores,
925 2394 955 2450 et
977 2389 1076 2457 calceis
1097 2388 1129 2447 in

59 2474 168 2529 tenebris
183 2471 291 2531 indutis
304 2466 340 2525 ad
354 2484 398 2523 res
410 2485 473 2525 snas
488 2474 654 2541 properent.

93 2550 205 2611 EUEL.
229 2550 306 2609 Illud
321 2548 435 2621 quidem
448 2566 485 2605 ex
498 2566 543 2604 me
555 2567 673 2622 quaere:
695 2549 797 2609 leuem
811 2550 884 2606 euim
899 2548 1010 2621 perdidi
1019 2550 1131 2608 misere

61 2629 172 2710 Phrygia
184 2634 323 2705 mollique
336 2631 413 2703 lana,
428 2629 508 2687 istius
517 2646 615 2702 opera.
657 2630 707 2687 Ad
719 2628 875 2687 nominalis
887 2630 959 2686 enirn
975 2630 1136 2703 aliquando,

61 2715 128 2784 pueri
152 2712 324 2775 celebrando
336 2715 456 2767 vocatus
478 2710 677 2782 compotabam
698 2710 727 2766 in
751 2712 833 2783 urbe,
847 2716 933 2782 atque
947 2709 1006 2783 jam
1022 2713 1130 2769 obdor-

61 2797 187 2856 miebam:
212 2798 379 2871 priusquam
400 2806 469 2847 rero
483 2790 629 2848 desiissent
651 2791 739 2848 ceteri
762 2790 871 2865 bibere,
885 2791 975 2865 gallus
990 2791 1043 2848 iste
1056 2793 1129 2849 ceci.

61 2877 113 2931 nit:
132 2898 184 2953 ego
206 2883 299 2935 autem
323 2872 477 2928 diluculum
500 2888 559 2929 esse
582 2878 661 2928 retus
680 2871 855 2931 Alimnntem
876 2870 1010 2929 discessi:
1033 2879 1062 2929 et
1083 2872 1130 2931 rix

63 2972 243 3026 processeram
256 2961 339 3014 extra
358 2970 484 3025 murum,
499 2956 583 3025 atque
600 2959 743 3027 grassator
757 2954 837 3011 clara
856 2952 923 3009 mibi
935 2954 1050 3011 dorsum
1065 2972 1131 3027 pcr.

62 3039 142 3097 curn:
165 3048 228 3098 tum
252 3056 306 3112 ego
320 3034 453 3108 procido,
464 3032 579 3107 jamque
600 3052 684 3109 opem
705 3032 910 3107 imploraturus
930 3051 1027 3106 eram3
1049 3034 1072 3093 is
1086 3053 1131 3093 mo

62 3117 155 3177 interea
166 3128 246 3179 reste
259 3115 401 3192 spoliarit.

96 3198 217 3260 risun.
239 3198 350 3264 Miluus
370 3194 467 3254 itidem
481 3190 593 3255 Grecis
614 3200 682 3254 tenc
694 3194 879 3271 imperitavit,
894 3213 1041 3273 regnoque
1053 3195 1131 3273 poti·
1182 3246 1187 3254 ,

61 3282 160 3341 tuaest

96 3360 151 3420 ΕΡ.
172 3359 307 3422 Graecis?

95 3438 220 3503 P1sun.
244 3442 396 3517 Etprimus
408 3441 468 3515 ille,
481 3455 570 3511 quum
585 3455 703 3514 regnum
716 3438 870 3517 obtineret,
885 3438 986 3499 docuit
999 3438 1028 3497 iu
1042 3456 1143 3514 genua⁴

63 3529 254 3595 procumbere,
270 3522 430 3599 conspectis
444 3520 548 3585 miluir.

96 3601 211 3665 EUEL.
234 3604 281 3665 Ite
292 3624 337 3662 rue
351 3603 481 3661 Racchus
494 3608 581 3676 amet,
595 3618 650 3678 ego
662 3619 750 3675 quum
763 3601 839 3660 torte
851 3601 1005 3673 aliquando
1017 3601 1133 3662 miluum

63 3682 194 3759 vidissem,
209 3688 245 3744 ad
268 3695 371 3744 terram
394 3703 440 3742 me
461 3684 570 3756 demisi,
585 3700 730 3756 quumque
752 3684 869 3757 supinus
889 3682 1012 3755 jacerem
1036 3683 1134 3751 hiante

65 3780 119 3836 ore,
133 3771 246 3825 obolum
259 3766 407 3841 deglutiri,
422 3782 598 3836 vacuumque
611 3780 667 3821 aere
680 3764 824 3821 sacculum
837 3765 951 3821 domum
966 3764 1061 3819 retuli.

99 3844 221 3907 PISTH.
244 3844 367 3924 AEgypti
387 3854 487 3905 autem
495 3846 640 3917 totiusque
654 3841 808 3910 Phoeniciae
824 3846 940 3901 cuculus
953 3850 1016 3900 erat
1029 3861 1091 3919 rex,
1105 3856 1136 3903 et
1208 3864 1210 3873 ’
1330 3830 1335 3839 “

65 3940 143 3993 quom
156 3931 273 3989 cuculus
295 3927 444 3985 cecinisset
466 3945 560 3994 cocco,
576 3926 702 3982 unirersi
715 3932 777 3983 tum
790 3924 937 3983 Phoenices
950 3924 1094 3983 frumenta
1106 3931 1137 3985 et

65 4002 194 4067 hordeum
206 4014 234 4068 in
248 4011 323 4067 orris
336 4010 477 4067 demetere
490 4008 629 4065 solebant.

66 4085 305 4231 arigim&
315 4098 419 4149 tenuem
433 4108 502 4165 ergo
515 4089 589 4147 istuc
603 4085 760 4164 proverbio
770 4087 918 4165 jactatur:
935 4083 1039 4165 Cocco,
1051 4104 1137 4183 raco-

79 4193 225 4326 alsnia.
247 4213 371 4314 i'antnn
397 4259 493 4315 autern
514 4252 701 4314 obtinuerunt
723 4249 827 4328 imperi
851 4253 1033 4331 potestatem,
1055 4251 1088 4327 qt
1112 4244 1137 4305 ri
