<?xml version="1.0" encoding="UTF-8"?>
<!DOCTYPE html PUBLIC "-//W3C//DTD XHTML 1.0 Transitional//EN"
    "http://www.w3.org/TR/xhtml1/DTD/xhtml1-transitional.dtd">
<html xmlns="http://www.w3.org/1999/xhtml" xml:lang="en" lang="en">
 <head>
  <title>
</title>
<meta http-equiv="Content-Type" content="text/html;charset=utf-8" />
  <meta name='ocr-system' content='tesseract 3.04.00' />
  <meta name='ocr-capabilities' content='ocr_page ocr_carea ocr_par ocr_line ocrx_word'/>
</head>
<body>
  <div class='ocr_page' id='page_1' title='image "aristophaniscom00brungoog_0228.png"; bbox 0 0 2875 4984; ppageno 0'>
   <div class='ocr_carea' id='block_1_1' title="bbox 291 364 1044 437">
    <p class='ocr_par' dir='ltr' id='par_1_1' title="bbox 291 364 1044 437">
     <span class='ocr_line' id='line_1_1' title="bbox 291 364 1044 437; baseline 0.003 -12"><span class='ocrx_word' id='word_1_1' title='bbox 291 375 355 437; x_wconf 72' lang='lat' dir='ltr'>no</span> <span class='ocrx_word' id='word_1_2' title='bbox 670 364 1044 427; x_wconf 80' lang='lat' dir='ltr'>ARISTOPHANIS</span> 
     </span>
    </p>
   </div>
   <div class='ocr_carea' id='block_1_2' title="bbox 269 516 1384 3260">
    <p class='ocr_par' dir='ltr' id='par_1_2' title="bbox 284 516 1384 924">
     <span class='ocr_line' id='line_1_2' title="bbox 328 516 1369 599; baseline -0.013 -12"><span class='ocrx_word' id='word_1_3' title='bbox 328 524 447 587; x_wconf 83' lang='lat' dir='ltr'><strong>BDEL.</strong></span> <span class='ocrx_word' id='word_1_4' title='bbox 467 523 539 584; x_wconf 85' lang='lat' dir='ltr'>Sene</span> <span class='ocrx_word' id='word_1_5' title='bbox 560 522 665 599; x_wconf 67' lang='lat' dir='ltr'>bercle5</span> <span class='ocrx_word' id='word_1_6' title='bbox 679 524 755 598; x_wconf 77' lang='lat' dir='ltr'>qnod</span> <span class='ocrx_word' id='word_1_7' title='bbox 778 523 889 597; x_wconf 87' lang='lat' dir='ltr'>quidem</span> <span class='ocrx_word' id='word_1_8' title='bbox 914 526 1000 583; x_wconf 85' lang='lat' dir='ltr'>unum</span> <span class='ocrx_word' id='word_1_9' title='bbox 1021 522 1143 580; x_wconf 82' lang='lat' dir='ltr'>omniurn</span> <span class='ocrx_word' id='word_1_10' title='bbox 1165 520 1275 578; x_wconf 82' lang='lat' dir='ltr'>lumem</span> <span class='ocrx_word' id='word_1_11' title='bbox 1298 516 1369 575; x_wconf 77' lang='lat' dir='ltr'>lecit</span> 
     </span>
     <span class='ocr_line' id='line_1_3' title="bbox 287 598 1384 669; baseline -0.015 -1"><span class='ocrx_word' id='word_1_12' title='bbox 287 611 464 669; x_wconf 86' lang='lat' dir='ltr'>acerrimum.</span> <span class='ocrx_word' id='word_1_13' title='bbox 505 605 558 665; x_wconf 84' lang='lat' dir='ltr'>Sed</span> <span class='ocrx_word' id='word_1_14' title='bbox 581 610 641 663; x_wconf 80' lang='lat' dir='ltr'>uou&#39;</span> <span class='ocrx_word' id='word_1_15' title='bbox 662 605 738 662; x_wconf 82' lang='lat' dir='ltr'>iutro</span> <span class='ocrx_word' id='word_1_16' title='bbox 762 613 790 663; x_wconf 88' lang='lat' dir='ltr'>te</span> <span class='ocrx_word' id='word_1_17' title='bbox 811 606 913 665; x_wconf 81' lang='lat' dir='ltr'>reseres</span> <span class='ocrx_word' id='word_1_18' title='bbox 937 602 1089 663; x_wconf 78' lang='lat' dir='ltr'>citissime?</span> <span class='ocrx_word' id='word_1_19' title='bbox 1118 602 1167 661; x_wconf 91' lang='lat' dir='ltr'>ubi</span> <span class='ocrx_word' id='word_1_20' title='bbox 1186 606 1229 659; x_wconf 88' lang='lat' dir='ltr'>est</span> <span class='ocrx_word' id='word_1_21' title='bbox 1251 598 1384 656; x_wconf 88' lang='lat' dir='ltr'>lumerii·</span> 
     </span>
     <span class='ocr_line' id='line_1_4' title="bbox 286 684 1366 766; baseline -0.015 -18"><span class='ocrx_word' id='word_1_22' title='bbox 286 688 477 766; x_wconf 71' lang='lat' dir='ltr'>operculum?</span> <span class='ocrx_word' id='word_1_23' title='bbox 511 686 668 761; x_wconf 72' lang='lat' dir='ltr'>regredere.</span> <span class='ocrx_word' id='word_1_24' title='bbox 709 686 842 761; x_wconf 79' lang='lat' dir='ltr'>Agedum</span> <span class='ocrx_word' id='word_1_25' title='bbox 867 701 985 743; x_wconf 77' lang='lat' dir='ltr'>asserem</span> <span class='ocrx_word' id='word_1_26' title='bbox 1010 686 1095 743; x_wconf 89' lang='lat' dir='ltr'>etiam</span> <span class='ocrx_word' id='word_1_27' title='bbox 1116 684 1366 757; x_wconf 72' lang='lat' dir='ltr'>&#39;superimponem</span> 
     </span>
     <span class='ocr_line' id='line_1_5' title="bbox 285 766 1367 845; baseline -0.012 -16"><span class='ocrx_word' id='word_1_28' title='bbox 285 770 355 829; x_wconf 86' lang='lat' dir='ltr'>Istic</span> <span class='ocrx_word' id='word_1_29' title='bbox 364 771 427 845; x_wconf 87' lang='lat' dir='ltr'>jem</span> <span class='ocrx_word' id='word_1_30' title='bbox 446 769 522 825; x_wconf 87' lang='lat' dir='ltr'>eliud</span> <span class='ocrx_word' id='word_1_31' title='bbox 545 766 664 839; x_wconf 83' lang='lat' dir='ltr'>quodvis</span> <span class='ocrx_word' id='word_1_32' title='bbox 684 768 856 825; x_wconf 76' lang='lat' dir='ltr'>machinare.</span> <span class='ocrx_word' id='word_1_33' title='bbox 897 766 939 825; x_wconf 80' lang='lat' dir='ltr'>At</span> <span class='ocrx_word' id='word_1_34' title='bbox 959 784 1012 841; x_wconf 82' lang='lat' dir='ltr'>ego</span> <span class='ocrx_word' id='word_1_35' title='bbox 1024 766 1123 823; x_wconf 82' lang='lat' dir='ltr'>infelix</span> <span class='ocrx_word' id='word_1_36' title='bbox 1135 780 1210 837; x_wconf 86' lang='lat' dir='ltr'>sum,</span> <span class='ocrx_word' id='word_1_37' title='bbox 1224 767 1260 819; x_wconf 87' lang='lat' dir='ltr'>ut</span> <span class='ocrx_word' id='word_1_38' title='bbox 1280 776 1367 818; x_wconf 87' lang='lat' dir='ltr'>nemo</span> 
     </span>
     <span class='ocr_line' id='line_1_6' title="bbox 284 847 990 924; baseline -0.01 -15"><span class='ocrx_word' id='word_1_39' title='bbox 284 853 368 924; x_wconf 85' lang='lat' dir='ltr'>alius,</span> <span class='ocrx_word' id='word_1_40' title='bbox 384 852 431 924; x_wconf 79' lang='lat' dir='ltr'>qui</span> <span class='ocrx_word' id='word_1_41' title='bbox 445 849 538 907; x_wconf 87' lang='lat' dir='ltr'>Fumo</span> <span class='ocrx_word' id='word_1_42' title='bbox 549 854 632 922; x_wconf 85' lang='lat' dir='ltr'>petre</span> <span class='ocrx_word' id='word_1_43' title='bbox 643 855 727 905; x_wconf 81' lang='lat' dir='ltr'>netur</span> <span class='ocrx_word' id='word_1_44' title='bbox 737 847 797 921; x_wconf 88' lang='lat' dir='ltr'>jem</span> <span class='ocrx_word' id='word_1_45' title='bbox 810 847 990 922; x_wconf 73' lang='lat' dir='ltr'>perhibebas.</span> 
     </span>
    </p>

    <p class='ocr_par' dir='ltr' id='par_1_3' title="bbox 283 924 1367 1167">
     <span class='ocr_line' id='line_1_7' title="bbox 323 924 1367 1003; baseline -0.013 -12"><span class='ocrx_word' id='word_1_46' title='bbox 323 930 402 991; x_wconf 88' lang='lat' dir='ltr'><strong>SOS.</strong></span> <span class='ocrx_word' id='word_1_47' title='bbox 424 930 469 987; x_wconf 86' lang='lat' dir='ltr'>Tu</span> <span class='ocrx_word' id='word_1_48' title='bbox 484 946 568 1003; x_wconf 85' lang='lat' dir='ltr'>puer,</span> <span class='ocrx_word' id='word_1_49' title='bbox 592 928 708 1001; x_wconf 76' lang='lat' dir='ltr'>januam</span> <span class='ocrx_word' id='word_1_50' title='bbox 727 931 831 987; x_wconf 77' lang='lat' dir='ltr'>trude:</span> <span class='ocrx_word' id='word_1_51' title='bbox 853 930 934 985; x_wconf 80' lang='lat' dir='ltr'>uelde</span> <span class='ocrx_word' id='word_1_52' title='bbox 949 945 1043 1003; x_wconf 85' lang='lat' dir='ltr'>preme</span> <span class='ocrx_word' id='word_1_53' title='bbox 1056 931 1140 999; x_wconf 85' lang='lat' dir='ltr'>etque</span> <span class='ocrx_word' id='word_1_54' title='bbox 1152 924 1288 981; x_wconf 78' lang='lat' dir='ltr'>fortiterr</span> <span class='ocrx_word' id='word_1_55' title='bbox 1312 938 1367 994; x_wconf 83' lang='lat' dir='ltr'>ego</span> 
     </span>
     <span class='ocr_line' id='line_1_8' title="bbox 283 1002 1367 1086; baseline -0.011 -17"><span class='ocrx_word' id='word_1_56' title='bbox 283 1014 366 1069; x_wconf 85' lang='lat' dir='ltr'>etlam</span> <span class='ocrx_word' id='word_1_57' title='bbox 380 1014 448 1068; x_wconf 89' lang='lat' dir='ltr'>illuc</span> <span class='ocrx_word' id='word_1_58' title='bbox 460 1011 579 1068; x_wconf 80' lang='lat' dir='ltr'>veniam.</span> <span class='ocrx_word' id='word_1_59' title='bbox 621 1009 716 1067; x_wconf 85' lang='lat' dir='ltr'>Seram</span> <span class='ocrx_word' id='word_1_60' title='bbox 730 1009 880 1086; x_wconf 75' lang='lat' dir='ltr'>diligenter</span> <span class='ocrx_word' id='word_1_61' title='bbox 894 1010 1013 1067; x_wconf 78' lang='lat' dir='ltr'>observa</span> <span class='ocrx_word' id='word_1_62' title='bbox 1026 1016 1054 1065; x_wconf 93' lang='lat' dir='ltr'>et</span> <span class='ocrx_word' id='word_1_63' title='bbox 1067 1013 1185 1081; x_wconf 85' lang='lat' dir='ltr'>rectem,</span> <span class='ocrx_word' id='word_1_64' title='bbox 1200 1010 1230 1061; x_wconf 87' lang='lat' dir='ltr'>ei</span> <span class='ocrx_word' id='word_1_65' title='bbox 1243 1002 1308 1059; x_wconf 84' lang='lat' dir='ltr'>ride</span> <span class='ocrx_word' id='word_1_66' title='bbox 1331 1018 1367 1057; x_wconf 88' lang='lat' dir='ltr'>ne</span> 
     </span>
     <span class='ocr_line' id='line_1_9' title="bbox 283 1088 716 1167; baseline -0.014 -18"><span class='ocrx_word' id='word_1_67' title='bbox 283 1092 370 1150; x_wconf 79' lang='lat' dir='ltr'>rectis</span> <span class='ocrx_word' id='word_1_68' title='bbox 382 1088 511 1167; x_wconf 75' lang='lat' dir='ltr'>glandem</span> <span class='ocrx_word' id='word_1_69' title='bbox 525 1088 655 1147; x_wconf 82' lang='lat' dir='ltr'>desudat.</span> <span class='ocrx_word' id='word_1_70' title='bbox 713 1110 716 1115; x_wconf 95' lang='lat'>·</span> 
     </span>
    </p>

    <p class='ocr_par' dir='ltr' id='par_1_4' title="bbox 280 1161 1365 1327">
     <span class='ocr_line' id='line_1_10' title="bbox 323 1161 1365 1240; baseline -0.012 -10"><span class='ocrx_word' id='word_1_71' title='bbox 323 1170 431 1230; x_wconf 85' lang='lat' dir='ltr'><strong>PHIL.</strong></span> <span class='ocrx_word' id='word_1_72' title='bbox 452 1171 531 1240; x_wconf 80' lang='lat' dir='ltr'>Quid</span> <span class='ocrx_word' id='word_1_73' title='bbox 552 1169 645 1227; x_wconf 82' lang='lat' dir='ltr'>lacere</span> <span class='ocrx_word' id='word_1_74' title='bbox 664 1168 774 1227; x_wconf 81' lang='lat' dir='ltr'>vultis?</span> <span class='ocrx_word' id='word_1_75' title='bbox 806 1187 865 1225; x_wconf 92' lang='lat' dir='ltr'>non</span> <span class='ocrx_word' id='word_1_76' title='bbox 890 1186 934 1225; x_wconf 88' lang='lat' dir='ltr'>me</span> <span class='ocrx_word' id='word_1_77' title='bbox 956 1170 1034 1229; x_wconf 85' lang='lat' dir='ltr'>exire</span> <span class='ocrx_word' id='word_1_78' title='bbox 1055 1166 1156 1237; x_wconf 83' lang='lat' dir='ltr'>sinitis,</span> <span class='ocrx_word' id='word_1_79' title='bbox 1170 1161 1365 1239; x_wconf 75' lang='lat' dir='ltr'>impurissimi,</span> 
     </span>
     <span class='ocr_line' id='line_1_11' title="bbox 280 1249 1094 1327; baseline -0.006 -17"><span class='ocrx_word' id='word_1_80' title='bbox 280 1251 496 1327; x_wconf 79' lang='lat' dir='ltr'>judicaturum?</span> <span class='ocrx_word' id='word_1_81' title='bbox 518 1249 595 1325; x_wconf 73' lang='lat' dir='ltr'>Ergo</span> <span class='ocrx_word' id='word_1_82' title='bbox 608 1252 697 1307; x_wconf 80' lang='lat' dir='ltr'>ebibit</span> <span class='ocrx_word' id='word_1_83' title='bbox 710 1251 883 1309; x_wconf 70' lang='lat' dir='ltr'>indemnatus</span> <span class='ocrx_word' id='word_1_84' title='bbox 897 1249 1094 1307; x_wconf 86' lang='lat' dir='ltr'>Dracontides.</span> 
     </span>
    </p>

    <p class='ocr_par' dir='ltr' id='par_1_5' title="bbox 321 1330 984 1405">
     <span class='ocr_line' id='line_1_12' title="bbox 321 1330 984 1405; baseline -0.005 -15"><span class='ocrx_word' id='word_1_85' title='bbox 321 1330 437 1390; x_wconf 77' lang='lat' dir='ltr'>Bone.</span> <span class='ocrx_word' id='word_1_86' title='bbox 459 1330 601 1388; x_wconf 84' lang='lat' dir='ltr'>Istuccine</span> <span class='ocrx_word' id='word_1_87' title='bbox 612 1332 681 1387; x_wconf 82' lang='lat' dir='ltr'>reio</span> <span class='ocrx_word' id='word_1_88' title='bbox 694 1338 727 1388; x_wconf 87' lang='lat' dir='ltr'>tu</span> <span class='ocrx_word' id='word_1_89' title='bbox 740 1333 863 1405; x_wconf 81' lang='lat' dir='ltr'>graviter</span> <span class='ocrx_word' id='word_1_90' title='bbox 874 1332 984 1387; x_wconf 81' lang='lat' dir='ltr'>terrea?</span> 
     </span>
    </p>

    <p class='ocr_par' dir='ltr' id='par_1_6' title="bbox 280 1402 1366 1635">
     <span class='ocr_line' id='line_1_13' title="bbox 323 1402 1366 1484; baseline -0.013 -13"><span class='ocrx_word' id='word_1_91' title='bbox 323 1408 430 1471; x_wconf 85' lang='lat' dir='ltr'>PHlL.</span> <span class='ocrx_word' id='word_1_92' title='bbox 451 1411 563 1470; x_wconf 81' lang='lat' dir='ltr'>Etenim</span> <span class='ocrx_word' id='word_1_93' title='bbox 576 1412 738 1470; x_wconf 76' lang='lat' dir='ltr'>consulenti</span> <span class='ocrx_word' id='word_1_94' title='bbox 758 1413 826 1469; x_wconf 83' lang='lat' dir='ltr'>milri</span> <span class='ocrx_word' id='word_1_95' title='bbox 839 1414 905 1469; x_wconf 86' lang='lat' dir='ltr'>oliuu&#39;</span> <span class='ocrx_word' id='word_1_96' title='bbox 919 1410 1036 1484; x_wconf 84' lang='lat' dir='ltr'>Delphis</span> <span class='ocrx_word' id='word_1_97' title='bbox 1049 1408 1194 1467; x_wconf 83' lang='lat' dir='ltr'>oraculum</span> <span class='ocrx_word' id='word_1_98' title='bbox 1215 1402 1366 1477; x_wconf 87' lang='lat' dir='ltr'>respondit</span> 
     </span>
     <span class='ocr_line' id='line_1_14' title="bbox 282 1488 1364 1568; baseline -0.012 -16"><span class='ocrx_word' id='word_1_99' title='bbox 282 1492 371 1566; x_wconf 82' lang='lat' dir='ltr'>Deus,</span> <span class='ocrx_word' id='word_1_100' title='bbox 385 1510 430 1552; x_wconf 82' lang='lat' dir='ltr'>me</span> <span class='ocrx_word' id='word_1_101' title='bbox 451 1502 511 1550; x_wconf 89' lang='lat' dir='ltr'>tum</span> <span class='ocrx_word' id='word_1_102' title='bbox 534 1498 652 1549; x_wconf 88' lang='lat' dir='ltr'>mortem</span> <span class='ocrx_word' id='word_1_103' title='bbox 664 1492 1004 1568; x_wconf 85' lang='lat' dir='ltr'>oppetiturum,·quando</span> <span class='ocrx_word' id='word_1_104' title='bbox 1017 1491 1085 1547; x_wconf 90' lang='lat' dir='ltr'>mihi</span> <span class='ocrx_word' id='word_1_105' title='bbox 1105 1488 1281 1547; x_wconf 76' lang='lat' dir='ltr'>indemnatus</span> <span class='ocrx_word' id='word_1_106' title='bbox 1304 1500 1364 1541; x_wconf 87' lang='lat' dir='ltr'>reus</span> 
     </span>
     <span class='ocr_line' id='line_1_15' title="bbox 280 1575 404 1635; baseline -0.032 0"><span class='ocrx_word' id='word_1_107' title='bbox 280 1575 404 1635; x_wconf 78' lang='lat' dir='ltr'>abiisset.</span> 
     </span>
    </p>

    <p class='ocr_par' dir='ltr' id='par_1_7' title="bbox 322 1648 1175 1728">
     <span class='ocr_line' id='line_1_16' title="bbox 322 1648 1175 1728; baseline -0.006 -16"><span class='ocrx_word' id='word_1_108' title='bbox 322 1651 439 1714; x_wconf 80' lang='lat' dir='ltr'>BDliL.</span> <span class='ocrx_word' id='word_1_109' title='bbox 462 1653 573 1728; x_wconf 81' lang='lat' dir='ltr'>Apollo</span> <span class='ocrx_word' id='word_1_110' title='bbox 586 1652 770 1711; x_wconf 72' lang='lat' dir='ltr'>Acerranos!</span> <span class='ocrx_word' id='word_1_111' title='bbox 792 1653 877 1724; x_wconf 86' lang='lat' dir='ltr'>quale</span> <span class='ocrx_word' id='word_1_112' title='bbox 888 1652 944 1709; x_wconf 90' lang='lat' dir='ltr'>boc</span> <span class='ocrx_word' id='word_1_113' title='bbox 957 1655 1000 1709; x_wconf 86' lang='lat' dir='ltr'>est</span> <span class='ocrx_word' id='word_1_114' title='bbox 1011 1648 1175 1708; x_wconf 86' lang='lat' dir='ltr'>oraculum!</span> 
     </span>
    </p>

    <p class='ocr_par' dir='ltr' id='par_1_8' title="bbox 322 1732 1084 1808">
     <span class='ocr_line' id='line_1_17' title="bbox 322 1732 1084 1808; baseline -0.009 -15"><span class='ocrx_word' id='word_1_115' title='bbox 322 1732 433 1793; x_wconf 85' lang='lat' dir='ltr'>PHlL.</span> <span class='ocrx_word' id='word_1_116' title='bbox 458 1736 530 1808; x_wconf 68' lang='lat' dir='ltr'>sige,</span> <span class='ocrx_word' id='word_1_117' title='bbox 545 1734 676 1808; x_wconf 81' lang='lat' dir='ltr'>obsecro,</span> <span class='ocrx_word' id='word_1_118' title='bbox 692 1734 790 1791; x_wconf 86' lang='lat' dir='ltr'>emitte</span> <span class='ocrx_word' id='word_1_119' title='bbox 801 1748 856 1802; x_wconf 87' lang='lat' dir='ltr'>me,</span> <span class='ocrx_word' id='word_1_120' title='bbox 870 1751 905 1791; x_wconf 88' lang='lat' dir='ltr'>ne</span> <span class='ocrx_word' id='word_1_121' title='bbox 918 1733 1084 1805; x_wconf 85' lang='lat' dir='ltr'>disrumpar.</span> 
     </span>
    </p>

    <p class='ocr_par' dir='ltr' id='par_1_9' title="bbox 269 1805 1360 1893">
     <span class='ocr_line' id='line_1_18' title="bbox 269 1805 1360 1893; baseline -0.011 -19"><span class='ocrx_word' id='word_1_122' title='bbox 269 1880 277 1893; x_wconf 54' lang='lat'>‚</span> <span class='ocrx_word' id='word_1_123' title='bbox 319 1812 437 1873; x_wconf 75' lang='lat' dir='ltr'>Buten.</span> <span class='ocrx_word' id='word_1_124' title='bbox 452 1805 1360 1891; x_wconf 80' lang='lat' dir='ltr'>PerNeptunumjurc,utegotenuequememittam‚Pbilocleo.</span> 
     </span>
    </p>

    <p class='ocr_par' dir='ltr' id='par_1_10' title="bbox 320 1892 1103 1967">
     <span class='ocr_line' id='line_1_19' title="bbox 320 1892 1103 1967; baseline -0.005 -15"><span class='ocrx_word' id='word_1_125' title='bbox 320 1892 427 1952; x_wconf 78' lang='lat' dir='ltr'>Psnn.</span> <span class='ocrx_word' id='word_1_126' title='bbox 449 1893 551 1967; x_wconf 74' lang='lat' dir='ltr'>linque</span> <span class='ocrx_word' id='word_1_127' title='bbox 563 1892 713 1952; x_wconf 81' lang='lat' dir='ltr'>corrodens</span> <span class='ocrx_word' id='word_1_128' title='bbox 725 1893 866 1952; x_wconf 82' lang='lat' dir='ltr'>mordicus</span> <span class='ocrx_word' id='word_1_129' title='bbox 879 1896 1020 1967; x_wconf 83' lang='lat' dir='ltr'>arreptum</span> <span class='ocrx_word' id='word_1_130' title='bbox 1034 1898 1103 1951; x_wconf 83' lang='lat' dir='ltr'>rete.</span> 
     </span>
    </p>

    <p class='ocr_par' dir='ltr' id='par_1_11' title="bbox 318 1972 804 2032">
     <span class='ocr_line' id='line_1_20' title="bbox 318 1972 804 2032; baseline 0.002 -1"><span class='ocrx_word' id='word_1_131' title='bbox 318 1972 439 2032; x_wconf 77' lang='lat' dir='ltr'><strong>BDEL.</strong></span> <span class='ocrx_word' id='word_1_132' title='bbox 456 1973 512 2031; x_wconf 83' lang='lat' dir='ltr'>Sed</span> <span class='ocrx_word' id='word_1_133' title='bbox 524 1989 583 2032; x_wconf 90' lang='lat' dir='ltr'>nou</span> <span class='ocrx_word' id='word_1_134' title='bbox 598 1974 683 2031; x_wconf 89' lang='lat' dir='ltr'>babes</span> <span class='ocrx_word' id='word_1_135' title='bbox 696 1975 804 2032; x_wconf 86' lang='lat' dir='ltr'>dentes.</span> 
     </span>
    </p>

    <p class='ocr_par' dir='ltr' id='par_1_12' title="bbox 279 2044 1361 2210">
     <span class='ocr_line' id='line_1_21' title="bbox 320 2044 1361 2127; baseline -0.004 -14"><span class='ocrx_word' id='word_1_136' title='bbox 320 2052 429 2113; x_wconf 80' lang='lat' dir='ltr'>PHlL.</span> <span class='ocrx_word' id='word_1_137' title='bbox 454 2052 506 2113; x_wconf 87' lang='lat' dir='ltr'>Me</span> <span class='ocrx_word' id='word_1_138' title='bbox 528 2054 678 2113; x_wconf 87' lang='lat' dir='ltr'>miserum!</span> <span class='ocrx_word' id='word_1_139' title='bbox 700 2054 846 2127; x_wconf 88' lang='lat' dir='ltr'>quomodo</span> <span class='ocrx_word' id='word_1_140' title='bbox 869 2059 899 2111; x_wconf 90' lang='lat' dir='ltr'>te</span> <span class='ocrx_word' id='word_1_141' title='bbox 923 2051 1072 2111; x_wconf 76' lang='lat' dir='ltr'>occidenti</span> <span class='ocrx_word' id='word_1_142' title='bbox 1101 2044 1271 2126; x_wconf 78' lang='lat' dir='ltr'>quomodo?</span> <span class='ocrx_word' id='word_1_143' title='bbox 1298 2050 1361 2109; x_wconf 88' lang='lat' dir='ltr'>date</span> 
     </span>
     <span class='ocr_line' id='line_1_22' title="bbox 279 2135 1020 2210; baseline 0.001 -19"><span class='ocrx_word' id='word_1_144' title='bbox 279 2135 353 2193; x_wconf 90' lang='lat' dir='ltr'>mibi·</span> <span class='ocrx_word' id='word_1_145' title='bbox 360 2137 483 2210; x_wconf 81' lang='lat' dir='ltr'>gladium</span> <span class='ocrx_word' id='word_1_146' title='bbox 496 2137 587 2210; x_wconf 85' lang='lat' dir='ltr'>oclus,</span> <span class='ocrx_word' id='word_1_147' title='bbox 600 2143 650 2194; x_wconf 83' lang='lat' dir='ltr'>ent</span> <span class='ocrx_word' id='word_1_148' title='bbox 660 2137 793 2193; x_wconf 75' lang='lat' dir='ltr'>tenellam</span> <span class='ocrx_word' id='word_1_149' title='bbox 806 2136 1020 2193; x_wconf 87' lang='lat' dir='ltr'>deumstoriam.</span> 
     </span>
    </p>

    <p class='ocr_par' dir='ltr' id='par_1_13' title="bbox 319 2214 1145 2291">
     <span class='ocr_line' id='line_1_23' title="bbox 319 2214 1145 2291; baseline 0 -18"><span class='ocrx_word' id='word_1_150' title='bbox 319 2214 435 2273; x_wconf 81' lang='lat' dir='ltr'><strong>BDEL.</strong></span> <span class='ocrx_word' id='word_1_151' title='bbox 454 2215 552 2274; x_wconf 87' lang='lat' dir='ltr'>Homo</span> <span class='ocrx_word' id='word_1_152' title='bbox 562 2219 616 2272; x_wconf 86' lang='lat' dir='ltr'>iste</span> <span class='ocrx_word' id='word_1_153' title='bbox 629 2232 761 2291; x_wconf 86' lang='lat' dir='ltr'>magnum</span> <span class='ocrx_word' id='word_1_154' title='bbox 773 2216 889 2289; x_wconf 81' lang='lat' dir='ltr'>aliquod</span> <span class='ocrx_word' id='word_1_155' title='bbox 903 2214 1019 2273; x_wconf 85' lang='lat' dir='ltr'>molitur</span> <span class='ocrx_word' id='word_1_156' title='bbox 1032 2216 1145 2273; x_wconf 87' lang='lat' dir='ltr'>malum.</span> 
     </span>
    </p>

    <p class='ocr_par' dir='ltr' id='par_1_14' title="bbox 278 2290 1361 2435">
     <span class='ocr_line' id='line_1_24' title="bbox 318 2290 1361 2371; baseline 0.001 -19"><span class='ocrx_word' id='word_1_157' title='bbox 318 2290 428 2354; x_wconf 83' lang='lat' dir='ltr'>PHlL.</span> <span class='ocrx_word' id='word_1_158' title='bbox 450 2294 519 2352; x_wconf 93' lang='lat' dir='ltr'>Non</span> <span class='ocrx_word' id='word_1_159' title='bbox 534 2297 663 2369; x_wconf 86' lang='lat' dir='ltr'>equidem</span> <span class='ocrx_word' id='word_1_160' title='bbox 675 2293 781 2367; x_wconf 81' lang='lat' dir='ltr'>hercle,</span> <span class='ocrx_word' id='word_1_161' title='bbox 792 2312 863 2371; x_wconf 84' lang='lat' dir='ltr'>nou,</span> <span class='ocrx_word' id='word_1_162' title='bbox 872 2296 987 2369; x_wconf 79' lang='lat' dir='ltr'>iuquam</span> <span class='ocrx_word' id='word_1_163' title='bbox 1001 2314 1010 2365; x_wconf 91' lang='lat'>;</span> <span class='ocrx_word' id='word_1_164' title='bbox 1031 2296 1079 2353; x_wconf 87' lang='lat' dir='ltr'>sed</span> <span class='ocrx_word' id='word_1_165' title='bbox 1092 2296 1214 2353; x_wconf 82' lang='lat' dir='ltr'>rendere</span> <span class='ocrx_word' id='word_1_166' title='bbox 1226 2296 1293 2354; x_wconf 84' lang='lat' dir='ltr'>rolo</span> <span class='ocrx_word' id='word_1_167' title='bbox 1307 2292 1361 2353; x_wconf 87' lang='lat' dir='ltr'>asi·</span> 
     </span>
     <span class='ocr_line' id='line_1_25' title="bbox 278 2376 1148 2435; baseline 0.003 -4"><span class='ocrx_word' id='word_1_168' title='bbox 278 2388 346 2431; x_wconf 77' lang='lat' dir='ltr'>nam</span> <span class='ocrx_word' id='word_1_169' title='bbox 360 2377 416 2432; x_wconf 81' lang='lat' dir='ltr'>une</span> <span class='ocrx_word' id='word_1_170' title='bbox 428 2388 493 2431; x_wconf 86' lang='lat' dir='ltr'>unm</span> <span class='ocrx_word' id='word_1_171' title='bbox 506 2376 619 2431; x_wconf 82' lang='lat' dir='ltr'>clitellis</span> <span class='ocrx_word' id='word_1_172' title='bbox 631 2376 808 2433; x_wconf 81' lang='lat' dir='ltr'>abductum:</span> <span class='ocrx_word' id='word_1_173' title='bbox 832 2392 896 2434; x_wconf 88' lang='lat' dir='ltr'>nam</span> <span class='ocrx_word' id='word_1_174' title='bbox 911 2378 1083 2433; x_wconf 81' lang='lat' dir='ltr'>novilunium</span> <span class='ocrx_word' id='word_1_175' title='bbox 1097 2383 1148 2435; x_wconf 89' lang='lat' dir='ltr'>est.</span> 
     </span>
    </p>

    <p class='ocr_par' dir='ltr' id='par_1_15' title="bbox 318 2452 1218 2533">
     <span class='ocr_line' id='line_1_26' title="bbox 318 2452 1218 2533; baseline 0.001 -21"><span class='ocrx_word' id='word_1_176' title='bbox 318 2454 436 2512; x_wconf 72' lang='lat' dir='ltr'>Bone.</span> <span class='ocrx_word' id='word_1_177' title='bbox 458 2452 565 2511; x_wconf 83' lang='lat' dir='ltr'>Nonne</span> <span class='ocrx_word' id='word_1_178' title='bbox 577 2463 630 2530; x_wconf 80' lang='lat' dir='ltr'>egb</span> <span class='ocrx_word' id='word_1_179' title='bbox 640 2456 739 2531; x_wconf 82' lang='lat' dir='ltr'>etiam,</span> <span class='ocrx_word' id='word_1_180' title='bbox 754 2456 860 2533; x_wconf 82' lang='lat' dir='ltr'>queso,</span> <span class='ocrx_word' id='word_1_181' title='bbox 876 2463 986 2531; x_wconf 86' lang='lat' dir='ltr'>possem</span> <span class='ocrx_word' id='word_1_182' title='bbox 1000 2474 1062 2515; x_wconf 89' lang='lat' dir='ltr'>eum</span> <span class='ocrx_word' id='word_1_183' title='bbox 1074 2454 1218 2516; x_wconf 77' lang='lat' dir='ltr'>rendere?</span> 
     </span>
    </p>

    <p class='ocr_par' dir='ltr' id='par_1_16' title="bbox 318 2531 814 2610">
     <span class='ocr_line' id='line_1_27' title="bbox 318 2531 814 2610; baseline -0.004 -16"><span class='ocrx_word' id='word_1_184' title='bbox 318 2532 428 2594; x_wconf 77' lang='lat' dir='ltr'>Prile.</span> <span class='ocrx_word' id='word_1_185' title='bbox 450 2531 519 2594; x_wconf 86' lang='lat' dir='ltr'>Neu</span> <span class='ocrx_word' id='word_1_186' title='bbox 532 2533 619 2592; x_wconf 82' lang='lat' dir='ltr'>itant</span> <span class='ocrx_word' id='word_1_187' title='bbox 632 2551 696 2610; x_wconf 77' lang='lat' dir='ltr'>ego.</span> <span class='ocrx_word' id='word_1_188' title='bbox 810 2584 814 2592; x_wconf 92' lang='lat'><em>.</em></span> 
     </span>
    </p>

    <p class='ocr_par' dir='ltr' id='par_1_17' title="bbox 316 2613 1151 2676">
     <span class='ocr_line' id='line_1_28' title="bbox 316 2613 1151 2676; baseline 0 -1"><span class='ocrx_word' id='word_1_189' title='bbox 316 2613 436 2675; x_wconf 73' lang='lat' dir='ltr'>BDElt.</span> <span class='ocrx_word' id='word_1_190' title='bbox 460 2614 553 2674; x_wconf 85' lang='lat' dir='ltr'>Immo</span> <span class='ocrx_word' id='word_1_191' title='bbox 565 2617 664 2675; x_wconf 84' lang='lat' dir='ltr'>berele</span> <span class='ocrx_word' id='word_1_192' title='bbox 677 2616 775 2675; x_wconf 86' lang='lat' dir='ltr'>melius</span> <span class='ocrx_word' id='word_1_193' title='bbox 788 2634 796 2675; x_wconf 79' lang='lat' dir='ltr'>r</span> <span class='ocrx_word' id='word_1_194' title='bbox 819 2616 867 2674; x_wconf 85' lang='lat' dir='ltr'>red</span> <span class='ocrx_word' id='word_1_195' title='bbox 880 2616 950 2676; x_wconf 81' lang='lat' dir='ltr'>educ</span> <span class='ocrx_word' id='word_1_196' title='bbox 960 2618 1080 2676; x_wconf 84' lang='lat' dir='ltr'>asinum.</span> <span class='ocrx_word' id='word_1_197' title='bbox 1148 2634 1151 2641; x_wconf 92' lang='lat'>·</span> 
     </span>
    </p>

    <p class='ocr_par' dir='ltr' id='par_1_18' title="bbox 274 2694 1359 2839">
     <span class='ocr_line' id='line_1_29' title="bbox 316 2694 1359 2774; baseline 0 -20"><span class='ocrx_word' id='word_1_198' title='bbox 316 2695 472 2757; x_wconf 78' lang='lat' dir='ltr'>xuNTfl.</span> <span class='ocrx_word' id='word_1_199' title='bbox 492 2694 610 2769; x_wconf 77' lang='lat' dir='ltr'>Qualem</span> <span class='ocrx_word' id='word_1_200' title='bbox 624 2694 792 2774; x_wconf 77' lang='lat' dir='ltr'>pretextae</span> <span class='ocrx_word' id='word_1_201' title='bbox 805 2700 920 2759; x_wconf 86' lang='lat' dir='ltr'>intulit!</span> <span class='ocrx_word' id='word_1_202' title='bbox 940 2714 1025 2773; x_wconf 85' lang='lat' dir='ltr'>quam</span> <span class='ocrx_word' id='word_1_203' title='bbox 1040 2698 1150 2774; x_wconf 85' lang='lat' dir='ltr'>callide,</span> <span class='ocrx_word' id='word_1_204' title='bbox 1160 2702 1193 2755; x_wconf 89' lang='lat' dir='ltr'>ut</span> <span class='ocrx_word' id='word_1_205' title='bbox 1206 2714 1269 2755; x_wconf 87' lang='lat' dir='ltr'>eum</span> <span class='ocrx_word' id='word_1_206' title='bbox 1281 2697 1359 2755; x_wconf 84' lang='lat' dir='ltr'>emit·</span> 
     </span>
     <span class='ocr_line' id='line_1_30' title="bbox 274 2777 1124 2839; baseline 0.001 -4"><span class='ocrx_word' id='word_1_207' title='bbox 274 2778 318 2835; x_wconf 79' lang='lat' dir='ltr'>ias</span> <span class='ocrx_word' id='word_1_208' title='bbox 331 2777 431 2839; x_wconf 77' lang='lat' dir='ltr'>citius!</span> <span class='ocrx_word' id='word_1_209' title='bbox 1121 2798 1124 2805; x_wconf 85' lang='grc'><strong>’</strong></span> 
     </span>
    </p>

    <p class='ocr_par' dir='ltr' id='par_1_19' title="bbox 272 2852 1357 3177">
     <span class='ocr_line' id='line_1_31' title="bbox 314 2852 1357 2928; baseline -0.002 -13"><span class='ocrx_word' id='word_1_210' title='bbox 314 2852 431 2917; x_wconf 83' lang='lat' dir='ltr'>BDEL.</span> <span class='ocrx_word' id='word_1_211' title='bbox 453 2856 507 2915; x_wconf 81' lang='lat' dir='ltr'>Sed</span> <span class='ocrx_word' id='word_1_212' title='bbox 517 2858 629 2915; x_wconf 80' lang='lat' dir='ltr'>inanem</span> <span class='ocrx_word' id='word_1_213' title='bbox 642 2855 763 2916; x_wconf 75' lang='lat' dir='ltr'>renent</span> <span class='ocrx_word' id='word_1_214' title='bbox 775 2859 907 2918; x_wconf 78' lang='lat' dir='ltr'>hemumr</span> <span class='ocrx_word' id='word_1_215' title='bbox 929 2858 999 2917; x_wconf 88' lang='lat' dir='ltr'>mibi</span> <span class='ocrx_word' id='word_1_216' title='bbox 1012 2860 1087 2917; x_wconf 90' lang='lat' dir='ltr'>enim</span> <span class='ocrx_word' id='word_1_217' title='bbox 1102 2858 1162 2919; x_wconf 87' lang='lat' dir='ltr'>dbli</span> <span class='ocrx_word' id='word_1_218' title='bbox 1182 2860 1357 2928; x_wconf 82' lang='lat' dir='ltr'>subclamat.</span> 
     </span>
     <span class='ocr_line' id='line_1_32' title="bbox 274 2936 1356 3015; baseline 0 -20"><span class='ocrx_word' id='word_1_219' title='bbox 274 2936 330 3015; x_wconf 80' lang='lat' dir='ltr'>Sed</span> <span class='ocrx_word' id='word_1_220' title='bbox 341 2940 478 3013; x_wconf 77' lang='lat' dir='ltr'>ingressus</span> <span class='ocrx_word' id='word_1_221' title='bbox 491 2938 608 2995; x_wconf 78' lang='lat' dir='ltr'>asellum</span> <span class='ocrx_word' id='word_1_222' title='bbox 617 2940 743 2996; x_wconf 78' lang='lat' dir='ltr'>‘edb&#39;c&#39;ere</span> <span class='ocrx_word' id='word_1_223' title='bbox 754 2942 834 3015; x_wconf 81' lang='lat' dir='ltr'>solo,</span> <span class='ocrx_word' id='word_1_224' title='bbox 850 2946 882 2997; x_wconf 91' lang='lat' dir='ltr'>ut</span> <span class='ocrx_word' id='word_1_225' title='bbox 894 2956 930 2998; x_wconf 91' lang='lat' dir='ltr'>ne</span> <span class='ocrx_word' id='word_1_226' title='bbox 947 2940 1026 3009; x_wconf 79' lang='lat' dir='ltr'>foras</span> <span class='ocrx_word' id='word_1_227' title='bbox 1041 2954 1138 2998; x_wconf 80' lang='lat' dir='ltr'>rurant</span> <span class='ocrx_word' id='word_1_228' title='bbox 1150 2941 1251 2999; x_wconf 86' lang='lat' dir='ltr'>emicet</span> <span class='ocrx_word' id='word_1_229' title='bbox 1264 2956 1356 2997; x_wconf 84' lang='lat' dir='ltr'>senex.</span> 
     </span>
     <span class='ocr_line' id='line_1_33' title="bbox 272 3012 1357 3096; baseline 0.002 -21"><span class='ocrx_word' id='word_1_230' title='bbox 272 3018 419 3092; x_wconf 82' lang='lat' dir='ltr'>-Aseile‚</span> <span class='ocrx_word' id='word_1_231' title='bbox 434 3028 487 3075; x_wconf 85' lang='lat' dir='ltr'>c&#39;or</span> <span class='ocrx_word' id='word_1_232' title='bbox 507 3012 580 3078; x_wconf 79' lang='lat' dir='ltr'>ties?</span> <span class='ocrx_word' id='word_1_233' title='bbox 602 3033 675 3076; x_wconf 88' lang='lat' dir='ltr'>eune</span> <span class='ocrx_word' id='word_1_234' title='bbox 688 3014 766 3091; x_wconf 88' lang='lat' dir='ltr'>qued</span> <span class='ocrx_word' id='word_1_235' title='bbox 787 3020 871 3081; x_wconf 88' lang='lat' dir='ltr'>hodie</span> <span class='ocrx_word' id='word_1_236' title='bbox 893 3022 1004 3081; x_wconf 84' lang='lat' dir='ltr'>renum&#39;</span> <span class='ocrx_word' id='word_1_237' title='bbox 1015 3020 1091 3081; x_wconf 73' lang='lat' dir='ltr'>tubi</span> <span class='ocrx_word' id='word_1_238' title='bbox 1109 3021 1179 3095; x_wconf 91' lang='lat' dir='ltr'>quid</span> <span class='ocrx_word' id='word_1_239' title='bbox 1192 3020 1357 3096; x_wconf 74' lang='lat' dir='ltr'>ingemiscis,</span> 
     </span>
     <span class='ocr_line' id='line_1_34' title="bbox 272 3097 839 3177; baseline 0.005 -22"><span class='ocrx_word' id='word_1_240' title='bbox 272 3098 378 3172; x_wconf 81' lang='lat' dir='ltr'>quiere</span> <span class='ocrx_word' id='word_1_241' title='bbox 391 3097 523 3177; x_wconf 64' lang='lat' dir='ltr'>Ulyssem</span> <span class='ocrx_word' id='word_1_242' title='bbox 536 3100 657 3173; x_wconf 82' lang='lat' dir='ltr'>aliquem</span> <span class='ocrx_word' id='word_1_243' title='bbox 667 3109 728 3156; x_wconf 83' lang='lat' dir='ltr'>non</span> <span class='ocrx_word' id='word_1_244' title='bbox 740 3097 839 3158; x_wconf 74' lang='lat' dir='ltr'>rene?</span> 
     </span>
    </p>

    <p class='ocr_par' dir='ltr' id='par_1_20' title="bbox 313 3176 1356 3260">
     <span class='ocr_line' id='line_1_35' title="bbox 313 3176 1356 3260; baseline 0.003 -26"><span class='ocrx_word' id='word_1_245' title='bbox 313 3176 473 3236; x_wconf 83' lang='lat' dir='ltr'><strong>XANTH.</strong></span> <span class='ocrx_word' id='word_1_246' title='bbox 496 3179 550 3237; x_wconf 85' lang='lat' dir='ltr'>Sed</span> <span class='ocrx_word' id='word_1_247' title='bbox 570 3180 709 3239; x_wconf 82' lang='lat' dir='ltr'>mehercle</span> <span class='ocrx_word' id='word_1_248' title='bbox 726 3181 972 3260; x_wconf 69' lang='lat' dir='ltr'>quesissemus,</span> <span class='ocrx_word' id='word_1_249' title='bbox 990 3182 1103 3241; x_wconf 83' lang='lat' dir='ltr'>huncce</span> <span class='ocrx_word' id='word_1_250' title='bbox 1117 3183 1220 3241; x_wconf 82' lang='lat' dir='ltr'>subtus</span> <span class='ocrx_word' id='word_1_251' title='bbox 1248 3181 1356 3257; x_wconf 84' lang='lat' dir='ltr'>pendu-</span> 
     </span>
    </p>
   </div>
   <div class='ocr_carea' id='block_1_3' title="bbox 270 3334 1357 4220">
    <p class='ocr_par' dir='ltr' id='par_1_21' title="bbox 312 3334 835 3417">
     <span class='ocr_line' id='line_1_36' title="bbox 312 3334 835 3417; baseline 0.011 -22"><span class='ocrx_word' id='word_1_252' title='bbox 312 3334 429 3395; x_wconf 82' lang='lat' dir='ltr'><strong>BDEL.</strong></span> <span class='ocrx_word' id='word_1_253' title='bbox 451 3336 631 3407; x_wconf 85' lang='lat' dir='ltr'>Quemnam?</span> <span class='ocrx_word' id='word_1_254' title='bbox 652 3359 705 3417; x_wconf 85' lang='lat' dir='ltr'>ege</span> <span class='ocrx_word' id='word_1_255' title='bbox 717 3342 835 3401; x_wconf 80' lang='lat' dir='ltr'>rideam.</span> 
     </span>
    </p>

    <p class='ocr_par' dir='ltr' id='par_1_22' title="bbox 312 3416 597 3478">
     <span class='ocr_line' id='line_1_37' title="bbox 312 3416 597 3478; baseline 0.007 -3"><span class='ocrx_word' id='word_1_256' title='bbox 312 3416 472 3476; x_wconf 86' lang='lat' dir='ltr'><strong>XANTH.</strong></span> <span class='ocrx_word' id='word_1_257' title='bbox 496 3419 597 3478; x_wconf 88' lang='lat' dir='ltr'>Istum.</span> 
     </span>
    </p>

    <p class='ocr_par' dir='ltr' id='par_1_23' title="bbox 309 3488 1167 3580">
     <span class='ocr_line' id='line_1_38' title="bbox 309 3488 1167 3580; baseline 0.002 -23"><span class='ocrx_word' id='word_1_258' title='bbox 309 3488 427 3557; x_wconf 73' lang='lat' dir='ltr'><strong>BDEB.</strong></span> <span class='ocrx_word' id='word_1_259' title='bbox 450 3499 515 3557; x_wconf 83' lang='lat' dir='ltr'>noc</span> <span class='ocrx_word' id='word_1_260' title='bbox 528 3492 596 3574; x_wconf 83' lang='lat' dir='ltr'>qnid</span> <span class='ocrx_word' id='word_1_261' title='bbox 609 3498 673 3557; x_wconf 78' lang='lat' dir='ltr'>esti</span> <span class='ocrx_word' id='word_1_262' title='bbox 692 3496 875 3577; x_wconf 67' lang='lat' dir='ltr'>inimem&#39;es,</span> <span class='ocrx_word' id='word_1_263' title='bbox 885 3517 996 3580; x_wconf 42' lang='lat' dir='ltr'>‘queam</span> <span class='ocrx_word' id='word_1_264' title='bbox 1010 3506 1044 3562; x_wconf 85' lang='lat' dir='ltr'>tn</span> <span class='ocrx_word' id='word_1_265' title='bbox 1054 3499 1167 3563; x_wconf 77' lang='lat' dir='ltr'>homo?</span> 
     </span>
    </p>

    <p class='ocr_par' dir='ltr' id='par_1_24' title="bbox 307 3576 996 3641">
     <span class='ocr_line' id='line_1_39' title="bbox 307 3576 996 3641; baseline 0.01 -4"><span class='ocrx_word' id='word_1_266' title='bbox 307 3578 420 3638; x_wconf 66' lang='lat' dir='ltr'>enin.</span> <span class='ocrx_word' id='word_1_267' title='bbox 440 3576 580 3638; x_wconf 66' lang='lat' dir='ltr'>nerum</span> <span class='ocrx_word' id='word_1_268' title='bbox 595 3581 744 3641; x_wconf 78' lang='lat' dir='ltr'>mehercle.</span> <span class='ocrx_word' id='word_1_269' title='bbox 992 3628 996 3634; x_wconf 75' lang='lat'><em>,</em></span> 
     </span>
    </p>

    <p class='ocr_par' dir='ltr' id='par_1_25' title="bbox 310 3659 705 3736">
     <span class='ocr_line' id='line_1_40' title="bbox 310 3659 705 3736; baseline 0 -17"><span class='ocrx_word' id='word_1_270' title='bbox 310 3659 516 3719; x_wconf 54' lang='lat' dir='ltr'>Bnnnrnm</span> <span class='ocrx_word' id='word_1_271' title='bbox 526 3661 582 3719; x_wconf 76' lang='lat' dir='ltr'>iu?</span> <span class='ocrx_word' id='word_1_272' title='bbox 604 3659 705 3736; x_wconf 68' lang='lat' dir='ltr'>cujas?</span> 
     </span>
    </p>

    <p class='ocr_par' dir='ltr' id='par_1_26' title="bbox 270 3738 1357 4121">
     <span class='ocr_line' id='line_1_41' title="bbox 310 3738 1357 3818; baseline 0.012 -20"><span class='ocrx_word' id='word_1_273' title='bbox 310 3739 420 3803; x_wconf 86' lang='lat' dir='ltr'><strong>PHIL.</strong></span> <span class='ocrx_word' id='word_1_274' title='bbox 442 3738 557 3799; x_wconf 84' lang='lat' dir='ltr'>Ithacus</span> <span class='ocrx_word' id='word_1_275' title='bbox 570 3761 605 3801; x_wconf 84' lang='lat' dir='ltr'>ex</span> <span class='ocrx_word' id='word_1_276' title='bbox 618 3740 756 3818; x_wconf 79' lang='lat' dir='ltr'>Fugacia.</span> <span class='ocrx_word' id='word_1_277' title='bbox 786 3764 788 3769; x_wconf 73' lang='grc'>’</span> <span class='ocrx_word' id='word_1_278' title='bbox 984 3772 988 3779; x_wconf 95' lang='grc'><strong><em>·</em></strong></span> <span class='ocrx_word' id='word_1_279' title='bbox 1353 3802 1357 3811; x_wconf 92' lang='grc'><strong>.</strong></span> 
     </span>
     <span class='ocr_line' id='line_1_42' title="bbox 286 3819 1354 3897; baseline 0.002 -20"><span class='ocrx_word' id='word_1_280' title='bbox 286 3886 292 3895; x_wconf 51' lang='grc'>,</span> <span class='ocrx_word' id='word_1_281' title='bbox 310 3819 426 3879; x_wconf 78' lang='lat' dir='ltr'>Bous.</span> <span class='ocrx_word' id='word_1_282' title='bbox 448 3823 491 3878; x_wconf 81' lang='lat' dir='ltr'>At</span> <span class='ocrx_word' id='word_1_283' title='bbox 503 3822 573 3880; x_wconf 81' lang='lat' dir='ltr'>laxo</span> <span class='ocrx_word' id='word_1_284' title='bbox 585 3824 690 3897; x_wconf 84' lang='lat' dir='ltr'>hercle,</span> <span class='ocrx_word' id='word_1_285' title='bbox 704 3830 737 3879; x_wconf 89' lang='lat' dir='ltr'>ut</span> <span class='ocrx_word' id='word_1_286' title='bbox 756 3840 815 3880; x_wconf 92' lang='lat' dir='ltr'>non</span> <span class='ocrx_word' id='word_1_287' title='bbox 828 3824 887 3881; x_wconf 87' lang='lat' dir='ltr'>sine</span> <span class='ocrx_word' id='word_1_288' title='bbox 900 3823 1067 3897; x_wconf 71' lang='lat' dir='ltr'>magno&#39;tub</span> <span class='ocrx_word' id='word_1_289' title='bbox 1079 3826 1156 3882; x_wconf 86' lang='lat' dir='ltr'>malo</span> <span class='ocrx_word' id='word_1_290' title='bbox 1169 3819 1242 3880; x_wconf 83' lang='lat' dir='ltr'>Utin</span> <span class='ocrx_word' id='word_1_291' title='bbox 1256 3826 1286 3881; x_wconf 82' lang='lat' dir='ltr'>te</span> <span class='ocrx_word' id='word_1_292' title='bbox 1295 3839 1354 3881; x_wconf 79' lang='lat' dir='ltr'>&#39;essa</span> 
     </span>
     <span class='ocr_line' id='line_1_43' title="bbox 270 3899 1354 3979; baseline 0.001 -21"><span class='ocrx_word' id='word_1_293' title='bbox 270 3899 385 3959; x_wconf 71' lang='lat' dir='ltr'>inseris.</span> <span class='ocrx_word' id='word_1_294' title='bbox 404 3900 521 3959; x_wconf 79' lang='lat' dir='ltr'>Sursum</span> <span class='ocrx_word' id='word_1_295' title='bbox 533 3901 615 3961; x_wconf 78' lang='lat' dir='ltr'>treb&#39;e</span> <span class='ocrx_word' id='word_1_296' title='bbox 627 3904 794 3961; x_wconf 55' lang='lat' dir='ltr'>bautonius.</span> <span class='ocrx_word' id='word_1_297' title='bbox 816 3899 1101 3979; x_wconf 81' lang='lat' dir='ltr'>lmptrissimusille,</span> <span class='ocrx_word' id='word_1_298' title='bbox 1116 3910 1253 3977; x_wconf 81' lang='lat' dir='ltr'>quorsum</span> <span class='ocrx_word' id='word_1_299' title='bbox 1266 3906 1354 3961; x_wconf 75' lang='lat' dir='ltr'>sonis.</span> 
     </span>
     <span class='ocr_line' id='line_1_44' title="bbox 270 3981 1352 4065; baseline 0.001 -25"><span class='ocrx_word' id='word_1_300' title='bbox 270 3981 332 4040; x_wconf 85' lang='lat' dir='ltr'>rat!</span> <span class='ocrx_word' id='word_1_301' title='bbox 354 3982 422 4037; x_wconf 79' lang='lat' dir='ltr'>miti</span> <span class='ocrx_word' id='word_1_302' title='bbox 434 4000 502 4042; x_wconf 86' lang='lat' dir='ltr'>sene</span> <span class='ocrx_word' id='word_1_303' title='bbox 513 3982 628 4062; x_wconf 83' lang='lat' dir='ltr'>ridetur</span> <span class='ocrx_word' id='word_1_304' title='bbox 639 3983 797 4043; x_wconf 86' lang='lat' dir='ltr'>simillimus</span> <span class='ocrx_word' id='word_1_305' title='bbox 810 4002 869 4042; x_wconf 84' lang='lat' dir='ltr'>esse</span> <span class='ocrx_word' id='word_1_306' title='bbox 882 3987 955 4060; x_wconf 88' lang='lat' dir='ltr'>pulli</span> <span class='ocrx_word' id='word_1_307' title='bbox 969 3982 1212 4061; x_wconf 63' lang='lat' dir='ltr'>submittendas,</span> <span class='ocrx_word' id='word_1_308' title='bbox 1227 4002 1286 4065; x_wconf 79' lang='lat' dir='ltr'>qne</span> <span class='ocrx_word' id='word_1_309' title='bbox 1297 3985 1352 4045; x_wconf 84' lang='lat' dir='ltr'>ria·</span> 
     </span>
     <span class='ocr_line' id='line_1_45' title="bbox 271 4060 864 4121; baseline 0.01 -7"><span class='ocrx_word' id='word_1_310' title='bbox 271 4067 320 4121; x_wconf 84' lang='lat' dir='ltr'>tor</span> <span class='ocrx_word' id='word_1_311' title='bbox 333 4060 447 4119; x_wconf 74' lang='lat' dir='ltr'>invehit.</span> <span class='ocrx_word' id='word_1_312' title='bbox 860 4084 864 4093; x_wconf 93' lang='lat'>·</span> 
     </span>
    </p>

    <p class='ocr_par' dir='ltr' id='par_1_27' title="bbox 310 4137 1166 4220">
     <span class='ocr_line' id='line_1_46' title="bbox 310 4137 1166 4220; baseline 0.008 -23"><span class='ocrx_word' id='word_1_313' title='bbox 310 4137 418 4197; x_wconf 80' lang='lat' dir='ltr'>Pntn.</span> <span class='ocrx_word' id='word_1_314' title='bbox 441 4139 507 4199; x_wconf 86' lang='lat' dir='ltr'>Nisi</span> <span class='ocrx_word' id='word_1_315' title='bbox 519 4160 565 4201; x_wconf 92' lang='lat' dir='ltr'>me</span> <span class='ocrx_word' id='word_1_316' title='bbox 577 4144 691 4201; x_wconf 86' lang='lat' dir='ltr'>missum</span> <span class='ocrx_word' id='word_1_317' title='bbox 702 4143 839 4217; x_wconf 69' lang='lat' dir='ltr'>feceritis,</span> <span class='ocrx_word' id='word_1_318' title='bbox 854 4146 1048 4220; x_wconf 72' lang='lat' dir='ltr'>pugnabimus:</span> <span class='ocrx_word' id='word_1_319' title='bbox 1162 4176 1166 4186; x_wconf 90' lang='lat'>·</span> 
     </span>
    </p>
   </div>
   <div class='ocr_carea' id='block_1_4' title="bbox 310 4218 1076 4303">
    <p class='ocr_par' dir='ltr' id='par_1_28' title="bbox 310 4218 1076 4303">
     <span class='ocr_line' id='line_1_47' title="bbox 310 4218 1076 4303; baseline 0 -20"><span class='ocrx_word' id='word_1_320' title='bbox 310 4218 427 4284; x_wconf 80' lang='lat' dir='ltr'><strong>BDEL.</strong></span> <span class='ocrx_word' id='word_1_321' title='bbox 448 4220 514 4293; x_wconf 76' lang='lat' dir='ltr'>Qus</span> <span class='ocrx_word' id='word_1_322' title='bbox 525 4225 561 4284; x_wconf 91' lang='lat' dir='ltr'>de</span> <span class='ocrx_word' id='word_1_323' title='bbox 573 4244 615 4303; x_wconf 88' lang='lat' dir='ltr'>re,</span> <span class='ocrx_word' id='word_1_324' title='bbox 629 4242 739 4303; x_wconf 80' lang='lat' dir='ltr'>queso,</span> <span class='ocrx_word' id='word_1_325' title='bbox 753 4227 894 4302; x_wconf 79' lang='lat' dir='ltr'>pugnabis</span> <span class='ocrx_word' id='word_1_326' title='bbox 906 4226 1076 4286; x_wconf 85' lang='lat' dir='ltr'>nobiscum?</span> 
     </span>
    </p>
   </div>
   <div class='ocr_carea' id='block_1_5' title="bbox 0 0 1442 4984">
    <p class='ocr_par' dir='ltr' id='par_1_29' title="bbox 0 0 1442 4984">
     <span class='ocr_line' id='line_1_48' title="bbox 0 0 1442 4984; baseline 0 3"><span class='ocrx_word' id='word_1_327' title='bbox 0 0 1442 4984; x_wconf 95' lang='lat' dir='ltr'> </span> 
     </span>
    </p>
   </div>
  </div>
 </body>
</html>
