2875 4984
244 331 286 395 ιι
511 315 515 324 ’
587 328 981 394 ARISTOPHANIS

284 490 407 553 MNES.
427 475 916 563 Ι(ιιιιιιιιιιιίιιιιιοι,ιιιιιιιιιιιιιι
929 491 1335 574 Genetyllides,elettemina·

244 581 318 642 tom,
328 572 688 647 etblandmslascruusque
697 574 841 649 quibusvis
849 575 982 650 oscuirs,
974 581 1054 635 stant
1062 578 1188 636 audienti
1196 580 1335 653 mrhrpo
1408 609 1415 618 ·

244 661 336 716 dicem
348 656 437 731 ipsum
452 655 572 716 subierit
586 655 731 714 titillatio.
758 655 798 714 Et
812 663 851 730 te,
866 657 885 715 ό
898 658 1073 734 adulescens,
1089 655 1221 736 AEschyli
1235 657 1334 724 verbis

245 741 276 796 in
290 734 425 814 Lycurgo
437 739 612 812 interrogare
625 738 704 794 vole.
741 735 829 812 Cujas
842 745 885 795 est
898 739 1075 796 effeminatus
1101 739 1173 806 rste
1165 739 1176 777 ³
1198 759 1262 814 quae
1274 757 1334 815 pa-

245 820 303 876 tria
317 818 328 874 ι
352 837 413 908 quae
427 819 502 876 stola
516 816 528 874 i
550 835 615 891 quer
628 817 757 875 conlusio
769 816 856 877 sitaei
871 816 946 886 Quid
962 819 1076 877 barbito
1085 838 1126 877 rer
1118 818 1177 878 est
1185 838 1249 877 cnm
1261 839 1333 889 cro-

247 907 315 958 cota
329 897 340 956 i
359 893 428 970 quid
438 901 509 976 lyra
524 915 587 955 cum
608 897 797 968 redimiculo,
819 900 887 973 quid
901 900 1059 974 palaestrica
1071 901 1199 974 ampulla
1213 909 1242 957 ct
1253 908 1333 958 stro·

245 979 370 1056 phium?
385 997 466 1056 quam
475 997 535 1037 non
545 978 737 1037 conveniunt!
752 997 879 1053 quaenam
893 986 936 1037 eet
943 982 1050 1054 speculi
1060 989 1089 1037 et
1098 981 1171 1038 ensis
1184 980 1331 1042 societas!

246 1063 374 1137 quisnam
387 1079 457 1119 vero
466 1061 543 1134 ipsus
566 1077 607 1133 es,
622 1059 806 1118 adulescens?
827 1079 895 1117 uum
910 1061 953 1116 ιιι
965 1078 1016 1119 es.
1009 1060 1071 1118 ’at
1084 1061 1135 1117 ubi
1150 1063 1229 1136 penis
1244 1061 1256 1115 i
1278 1063 1333 1121 ubi

245 1141 321 1200 laena
333 1140 344 1199 i
367 1143 520 1214 ubisiriles
531 1141 621 1212 calcei
635 1139 647 1196 i
669 1159 704 1196 an
719 1157 789 1198 vero
798 1139 925 1198 semina?
942 1142 1008 1198 ubi
1000 1143 1088 1218 igitur
1101 1141 1237 1216 papilla?
1260 1144 1334 1221 quid

246 1225 312 1280 ais.
303 1219 315 1264 i
339 1223 408 1297 quid
421 1224 518 1280 teoes?
543 1220 755 1294 amnisquam
770 1229 856 1291 caetu
866 1220 1078 1296 conjecturam
1074 1223 1111 1280 de
1124 1231 1152 1280 te
1161 1222 1280 1296 taciem,
1291 1226 1334 1292 si·

245 1305 378 1376 quidem'
371 1321 432 1376 ipse
443 1320 503 1358 non
517 1301 558 1358 vis
571 1302 675 1360 dicere.

290 1380 359 1440 AG.
381 1382 519 1454 Osener,
530 1399 628 1455 senex,
644 1382 755 1440 invidia
774 1381 886 1456 quidem
900 1383 1055 1440 convicium
1069 1383 1189 1439 audiri·
1179 1425 1189 1452 ‚
1212 1384 1264 1440 sed
1275 1385 1332 1440 do.

246 1464 310 1524 lore
319 1482 377 1520 non
388 1465 502 1522 affectus
511 1481 584 1520 sum.
600 1461 662 1538 Ego
672 1469 765 1520 autem
773 1458 890 1538 restem,
902 1481 956 1536 pro
969 1463 1004 1520 iis
1014 1481 1078 1536 quae
1089 1463 1184 1534 auimo
1196 1465 1333 1540 meditor,

248 1563 327 1622 gero.
358 1543 475 1603 Ροὸιιιι
489 1545 563 1600 euim
576 1549 692 1617 oportet
703 1544 875 1623 fabularum,
889 1562 958 1617 quas
971 1544 1051 1614 facit,
1066 1547 1237 1620 argumentis
1260 1563 1335 1601 con.

248 1624 391 1684 venientes
404 1626 559 1682 adsciscere
571 1643 673 1682 mores.
696 1624 743 1681 Ac
758 1626 968 1698 primoquidem
976 1626 1125 1681 muliebres
1139 1624 1255 1696 quaudo
1267 1627 1335 1698 quis

248 1704 319 1763 iacit
330 1706 452 1780 tubulas,
468 1707 642 1762 mudiebrium
657 1723 766 1762 morum
780 1723 886 1792 corpus
899 1707 993 1779 ipsum
1006 1705 1101 1780 poiitae
1114 1706 1259 1795 particeps
1271 1709 1334 1764 css'e

249 1805 269 1844 e
291 1791 378 1843 ortet.

269 1805 413 1924 pMNSS.
436 1861 570 1940 Equum'
562 1865 649 1940 igitur
661 1866 761 1940 agitas,
776 1883 857 1937 quum
872 1861 1020 1921 Phaedram
1033 1864 1115 1934 iacis.

289 1942 361 2004 AG.
382 1943 488 2004 Viriles
507 1954 601 2004 autem
615 1947 637 2004 si
661 1946 724 2019 q'uis
736 1945 835 2020 faciat,
850 1946 930 2000 virile
943 1946 1018 2001 istud
1042 1945 1161 2018 corpori
1179 1944 1253 2001 inest
1265 1946 1333 2021 ipsi,

171 2092 174 2104 J
247 2025 291 2086 Ae
310 2045 374 2100 qua
397 2033 503 2084 nature
518 2045 577 2086 non
591 2025 737 2103 habemus,
752 2026 801 2083 illa
819 2028 929 2084 (ιιιιιιιι
948 2027 1085 2083 imitando
1098 2027 1240 2083 studemus
1254 2029 1335 2089 adse-

271 2109 311 2166 ui.

249 2127 269 2183 q
289 2185 412 2245 MNES.
433 2183 511 2260 Ergo
524 2204 608 2259 quum
622 2185 741 2262 Satyros
753 2185 849 2259 iacies,
866 2203 939 2259 roca
952 2203 1007 2260 me,
1021 2189 1054 2241 nt
1067 2203 1157 2258 opera
1165 2204 1228 2244 mea
1241 2191 1270 2244 te
1282 2188 1336 2252 ed

246 2267 343 2343 juvem
358 2283 434 2348 poue
447 2273 523 2322 stans
535 2272 649 2322 arrecto
664 2272 789 2324 veretro.

291 2343 360 2405 AG.
372 2339 525 2405 Praeterea
543 2346 688 2420 illepidum
710 2353 754 2403 est
771 2351 883 2419 poetam
904 2345 1012 2422 sidere,
1032 2347 1148 2420 agrestis
1170 2347 1220 2418 qui
1243 2346 1282 2404 sit
1305 2355 1337 2406 et

249 2426 387 2486 hirsutus.
408 2425 565 2484 Considera
579 2443 669 2504 porro
683 2424 805 2503 Ibycum
818 2428 897 2482 illum
912 2432 941 2482 et
952 2426 1161 2499 Anacreonteum
1176 2410 1294 2502 Teium,
1304 2436 1338 2488 et

249 2510 394 2583 Alcaeum,
408 2507 455 2579 qui
470 2505 622 2564 harmonia
635 2513 810 2564 venustatem
826 2507 1027 2577 conciliarunt,
1049 2509 1145 2564 mitras
1158 2517 1291 2582 gestasse,
1304 2516 1338 2567 et

250 2590 387 2659 molliter,
402 2587 506 2646 lenum
520 2605 610 2659 more,
624 2589 751 2644 saltasse.
785 2586 963 2663 Phrynichus
976 2605 1104 2661 quoque
1128 2590 1165 2644 de
1184 2589 1241 2647 hoc
1261 2591 1337 2648 eniri

249 2675 330 2728 certe
340 2668 484 2743 audivisti,
494 2671 593 2742 etipse
606 2669 723 2740 pulcher
736 2673 810 2742 erat,
826 2675 855 2724 et
865 2668 1019 2741 pulchris
1004 2668 1173 2741 induebatur
1186 2672 1335 2728 restibus.

250 2749 358 2808 idcirco
369 2752 466 2823 utique
474 2755 503 2806 et
515 2749 630 2823 pulchra
640 2755 723 2806 eraut
735 2748 798 2822 ejus
811 2749 948 2806 dramate.
963 2736 1087 2806 Necesse
1098 2734 1336 2840 enimquemlibet

250 2829 333 2906 paria
347 2838 457 2888 nature
472 2848 529 2888 suae
543 2830 646 2886 secere.

293 2909 358 2968 MN
362 2909 415 2969 ES
437 2908 596 2986 Propterea
609 2908 708 2980 utique
719 2907 873 2983 Philocles,
894 2909 944 2980 qui
958 2910 1050 2984 turpis
1063 2915 1116 2981 cst,
1131 2911 1225 2984 turpia
1238 2910 1333 2970 iacit.
1327 2980 1331 2985 J

251 2987 398 3049 Xenocles
424 2996 530 3063 autem,
546 3009 595 3062 qur
587 2989 694 3057 malus
715 2995 770 3064 est,
784 2991 859 3066 mala
878 2988 973 3048 iacit:
995 3008 1085 3065 porro
1107 2950 1269 3068 Theognis,
1287 2993 1336 3066 qui

250 3071 367 3147 frigidus
380 3076 422 3128 est
424 3070 551 3145 ,frigida
562 3069 641 3127 iacit.

292 3149 362 3208 AG.
385 3149 508 3208 Necesse
519 3151 644 3208 omnino.
672 3147 779 3238 Quare,
795 3167 907 3224 quum
900 3149 973 3206 illud
966 3169 1107 3226 nossem,
1122 3169 1248 3228 corpus
1242 3171 1336 3212 meum

253 3230 518 3305 curaridiligenter.

292 3309 415 3369 MNES.
436 3311 592 3380 Quomodo
607 3308 752 3371 obsecro?

292 3389 386 3450 EUR.
410 3390 514 3450 Desine
527 3394 641 3449 latrare.
663 3386 797 3464 Namque
810 3407 866 3466 ego
875 3388 949 3448 istuc
961 3392 1052 3449 atatis
1065 3392 1130 3449 telis
1144 3410 1232 3468 eram,
1247 3411 1337 3483 quen·

164 3496 168 3502 ¹
251 3473 312 3532 sio'
304 3491 399 3546 mceps
390 3473 522 3530 'fabulas
535 3473 639 3530 iacere.

290 3551 414 3612 MNES.
437 3552 505 3612 Tibi
517 3554 613 3610 hercle
626 3569 685 3608 non
698 3550 812 3608 invideo
825 3550 1021 3610 educationem
1036 3556 1122 3610 tuam.

291 3631 391 3692 EUR.
413 3631 466 3692 Sed
482 3633 562 3709 cnjus
574 3633 669 3709 gratia
678 3631 753 3708 reni,
768 3631 828 3689 sine
840 3650 885 3690 me
897 3632 1002 3690 dicere.

289 3711 414 3773 MNES.
435 3713 501 3772 Dic.

291 3792 389 3853 EUR.
411 3794 540 3869 Agatho,
564 3792 698 3866 sapientis
723 3797 767 3848 est
780 3790 853 3871 riri,
878 3793 983 3865 siquis
1010 3793 1107 3866 paneis
1125 3791 1219 3866 verbis
1245 3797 1338 3852 multa

193 3902 194 3911 ι
250 3877 323 3934 scite
335 3859 485 3946 coinplecti
499 3874 599 3950 possit.
629 3871 693 3949 Ege
705 3890 775 3930 sero
787 3889 867 3930 nova
878 3873 1038 3930 calamitate
1051 3892 1201 3948 percussus
1215 3877 1338 3948 supplex

252 3959 289 4015 ad
304 3955 439 4014 serenio.

290 4034 362 4094 AG
383 4033 513 4102 Quanam
526 4031 719 4114 reiudigens?

266 4115 388 4177 EUR.
410 4109 761 4177 Constitueruntmulieres
774 4130 818 4172 rna
831 4114 949 4188 perdere
961 4111 1066 4170 bodie
1059 4131 1088 4169 ιι
1107 4112 1182 4171 testo
1195 4109 1336 4174 Thesmo-

250 4197 432 4275 phoriorum,
448 4197 515 4271 quia
529 4197 597 4270 ipsis
610 4198 684 4253 male
697 4195 774 4252 dico.

290 4277 362 4337 AG.
384 4278 538 4346 Quodnam
551 4275 640 4352 igitur
653 4293 669 4332 a
682 4276 764 4332 nobis
777 4279 820 4331 est
833 4273 970 4330 auxilium
985 4272 1038 4331 tibi
1055 4270 1068 4330 i

290 4357 388 4420 EUR.
409 4357 579 4419 Maximum.
600 4354 714 4417 Namsi
728 4356 804 4414 iuter
825 4356 969 4433 mulieres,
984 4355 1058 4412 clam
1079 4371 1138 4431 aas,
1163 4351 1274 4428 semus,
1296 4351 1337 4410 ita
