2875 4984
286 374 350 439 „4
626 362 1022 431 inmuorauurs
1077 454 1080 463 Ι
1132 428 1136 437 .

329 524 440 589 mni.
461 522 562 588 Novi:
590 526 641 585 sed
661 525 730 600 quid
751 524 848 585 istud?
869 528 1016 587 nonenim
1029 526 1075 586 hle
1097 531 1187 587 statm
1208 544 1309 587 rerum
1331 527 1370 587 illi
1420 554 1421 561 ι

286 613 386 673 similis
397 616 451 668 est.
492 607 605 681 Quippe
615 607 795 682 juventutem
804 625 892 684 eram,
903 615 934 667 et
944 617 1075 685 ¹poteram
1088 609 1192 684 furari,
1201 610 1370 683 integerque

291 693 397 769 rigoris
409 706 507 750 erem:
529 689 741 761 necquicquam
755 706 799 746 me
813 690 1012 748 custodiebat:
1035 692 1083 747 sed
1105 691 1171 747 mihi
1185 695 1249 747 tuto
1263 692 1369 749 licebat

289 776 408 849 ingere:
429 787 508 829 nunc
522 776 613 827 autem
627 786 691 828 cum
708 770 794 826 armis
809 771 944 827 satellites
957 772 1057 829 ordine
1065 770 1196 844 (inpositi
1203 772 1326 846 pervias
1340 772 1369 826 in

288 853 411 929 specrdis
424 858 511 909 suut:
533 867 632 908 eorum
646 856 741 907 autem
755 850 812 908 duo
827 842 873 907 titt
883 852 917 908 ed
930 853 1044 925 ostium,
1056 859 1190 923 unquam
1204 853 1366 926 mustelam,

289 930 857 1084 tittlfflsi'ttttltlll?
862 938 986 1085 litt
997 933 1351 1084 illlltltli'm

289 1090 814 1247 pnlufflmfitgnsffiffinamquteuzogs
825 1094 984 1247 ῗιῖῗιιιιιὶειο
998 1179 1067 1234 rete.
1108 1171 1247 1251 ignoscat
1270 1176 1364 1233 aulem

288 1256 356 1315 milui
369 1255 516 1331 Dictynna
525 1254 601 1325 quod
613 1254 685 1310 retia
697 1254 781 1311 laedo.

328 1333 450 1393 cnon.
474 1332 538 1391 Viri
551 1334 673 1407 iungeris
687 1334 809 1391 officium
823 1334 858 1391 ad
871 1336 991 1393 salutem
1004 1336 1164 1397 tendentis:
1185 1338 1234 1395 sed
1245 1336 1363 1393 admove

286 1422 366 1477 suam
379 1414 529 1475 mmillanu
997 1441 1000 1451 v

326 1493 435 1554 PHIL.
457 1494 610 1553 Percosum
622 1494 677 1552 hoc
689 1492 802 1566 quidem
812 1500 874 1553 estc
896 1496 944 1553 sed
958 1497 1027 1554 nihil
1048 1498 1199 1571 quicquam
1222 1498 1361 1555 clamate:

286 1594 385 1636 serum
399 1594 557 1649 caveamus,
572 1593 609 1633 ne
620 1574 775 1651 Bdelycleo
791 1578 984 1648 persentiscat.

326 1655 446 1715 CHOR.
466 1655 548 1713 Nihil
561 1655 707 1728 formides,
724 1654 743 1711 d
766 1655 867 1729 amice,
881 1657 972 1715 nihil:¹
993 1675 1057 1715 nam
1071 1674 1125 1729 ego
1148 1658 1239 1730 illum,
1255 1656 1279 1714 si
1301 1674 1360 1713 mu-

282 1737 334 1811 tit,
349 1754 447 1810 cogam
459 1738 589 1794 mordere
601 1754 653 1791 cor
665 1752 756 1806 suum,
769 1737 846 1793 etde
858 1738 918 1795 rita
930 1745 1038 1795 certare
1050 1755 1058 1807 3
1082 1746 1114 1793 ut
1133 1739 1206 1795 sciat
1230 1756 1289 1794 uon
1303 1754 1362 1794 csse

282 1817 424 1875 caleam
435 1814 546 1873 Cereris
557 1824 588 1873 et
601 1814 779 1888 Proserpinae
792 1818 872 1873 scite.
914 1815 967 1875 Sed
994 1819 1090 1876 lunern
1104 1826 1204 1891 aptato
1222 1818 1258 1873 ad
1281 1818 1362 1875 sene.

279 1897 500 2035 ffssms'dilssde
510 1898 656 1972 alligatum
669 1902 697 1953 te
709 1897 801 1969 ipsum
814 1896 941 1972 demitte,
954 1905 984 1956 ct
1001 1898 1222 1975 concipe'animo
1237 1898 1362 1957 furorem

315 1978 344 2034 'o
364 1977 440 2035 tisis.

323 1996 432 2116 Pili.
452 2058 615 2133 ligemur,
629 2056 710 2114 siisti
723 2058 846 2115 sentiunt
854 2060 927 2134 hac,
939 2065 969 2117 et
978 2077 1022 2117 nte
1031 2060 1120 2117 velint
1128 2060 1265 2118 reducere
1274 2065 1361 2133 atque

283 2140 429 2198 retrahere
440 2139 530 2211 intro,
543 2140 611 2211 quid
624 2136 753 2197 iacietis?
768 2139 853 2195 dicite
862 2138 933 2212 jam.

325 2216 447 2278 CHOR.
469 2218 562 2293 Opem
575 2218 629 2275 tibi
642 2218 773 2290 feremus,
786 2226 817 2276 et
829 2238 913 2281 omne
924 2220 1013 2276 robur
1022 2218 1315 2293 adsciscamusautmi,
1328 2226 1360 2278 ut
1420 2292 1421 2303 ἵ

279 2304 429 2371 nequeant
440 2304 470 2355 te
482 2299 634 2356 cohiberes
655 2298 724 2354 talis
737 2316 790 2355 nos
803 2299 931 2357 facinora
942 2301 1158 2371 inceptahimus.

323 2375 431 2438 Pulli
452 2375 567 2435 Faciem
590 2378 678 2451 igitur
700 2380 779 2450 quod
801 2381 933 2453 suadetis,
955 2383 1035 2438 vobis
1055 2380 1167 2450 fretus;
1195 2384 1223 2436 et
1236 2398 1362 2437 memen-

284 2464 358 2532 tote,
372 2459 396 2515 si
410 2458 476 2531 quid
488 2458 556 2515 milri
569 2457 714 2531 acciderit,
730 2466 763 2517 ut
776 2477 821 2517 me
832 2460 932 2517 vestris
943 2462 1072 2519 manibus
1085 2462 1224 2517 sublatum
1233 2466 1263 2517 et
1272 2461 1360 2518 defle.

278 2544 357 2611 -tmn,
367 2540 422 2596 sub
435 2537 566 2596 cancellis
578 2537 730 2610 sepeliatis.
1419 2568 1420 2585 2

289 2694 297 2715 ι
323 2616 447 2678 CHOR.
469 2617 742 2717 Nihilmaliaccidet
754 2621 816 2717 tibi,
827 2618 971 2717 netimeas
983 2640 992 2678 a
1009 2620 1096 2696 sed&
1108 2624 1192 2696 bone,
1206 2620 1322 2678 demitte
1332 2626 1362 2679 te

287 2700 696 2856 'pugilnlilcldgciaei'cetilffiiez
704 2708 793 2841 iffi:
802 2703 914 2852 silleium
932 2785 963 2837 tu
973 2781 1046 2837 enim
1059 2780 1167 2856 iisdem,
1176 2782 1279 2853 quibus
1291 2800 1359 2856 ego²

275 2862 442 2935 delectaris,
457 2861 602 2935 perpetuis
616 2879 730 2919 reorum
742 2861 864 2921 lacrimis
877 2869 907 2919 et
927 2862 1076 2919 lamentisc
1098 2863 1155 2918 huc
1171 2880 1237 2919 sane
1256 2865 1359 2919 venisti

280 2941 439 3001 habitatum
452 2942 519 2998 dats
532 2958 631 3015 opera,
642 2946 673 2997 ut
685 2942 742 3000 ista
760 2945 882 3017 audires,
898 2946 927 2999 et
940 2943 1017 2999 solus
1035 2944 1160 2999 omnium
1174 2944 1292 3000 heroum
1306 2962 1358 2999 so.

278 3024 361 3080 luisti
372 3022 446 3098 apud
460 3022 574 3079 flentem
585 3023 701 3080 sedere:
724 3024 855 3083 miserere
871 3021 937 3094 mei,
946 3028 980 3079 et
993 3040 1037 3079 me
1051 3023 1171 3081 vicinum
1188 3030 1265 3081 tunm
1281 3042 1359 3081 nnnc
1417 3082 1418 3097 q

281 3120 373 3161 ma.
414 3101 740 3175 Sicnuuquamadtuas
753 3111 860 3165 storeas
873 3104 1058 3177 mingsmant
1070 3103 1182 3178 pedam.

322 3179 441 3240 BDEL.
463 3180 527 3239 nto
540 3190 571 3239 tu
583 3200 677 3257 surge.
788 3208 793 3213 ’-

321 3260 401 3321 SOS.
421 3261 500 3331 Quid
511 3264 608 3338 negoti
619 3261 682 3321 esti

320 3340 437 3401 Bnuu.
458 3341 548 3411 Quasi
559 3362 615 3399 vox
629 3344 756 3417 quadam
769 3360 814 3401 me
827 3343 1026 3401 circumsonat.

319 3422 398 3483 SOS.
417 3423 464 3482 An
476 3442 562 3483 senex
576 3425 626 3482 ille
635 3425 806 3497 aliquorsum
820 3423 971 3500 prorepit?

319 3503 440 3563 BDEL.
461 3494 532 3563 Nori
544 3506 659 3564 hercle:
681 3506 730 3563 sed
742 3505 811 3563 inne
823 3524 853 3564 se
869 3507 994 3565 vinctum
1008 3501 1141 3563 demittit.

317 3583 398 3645 SOS·
420 3584 448 3644 0
462 3585 662 3660 impurissime,
675 3586 745 3659 quid
759 3586 851 3644 iacis?
872 3604 1018 3661 uunquam
1031 3583 1192 3643 descendes.

316 3664 438 3724 BDEL.
459 3668 591 3727 Ascende
603 3669 682 3725 ocius
694 3668 724 3724 in
737 3668 854 3725 alteram
866 3667 1028 3743 fenestram,
1042 3672 1072 3725 ct
1083 3667 1203 3723 uerbere
1221 3664 1319 3740 remu,
1333 3668 1358 3727 si

280 3747 338 3822 qna
350 3748 462 3805 ratione
473 3752 551 3805 retro
567 3766 597 3805 se
610 3754 768 3816 convertat,
781 3747 836 3805 illis
850 3765 947 3806 caesus.
1414 3778 1415 3829 q

317 3826 427 3886 Pnlu.
450 3828 556 3887 Nonne
567 3828 714 3903 suppetias
731 3829 858 3901 venietis,
871 3833 1016 3903 quotquot
1037 3827 1094 3885 hoc
1117 3842 1195 3883 anno
1216 3826 1359 3899 litigaturi

279 3909 358 3983 estis,
372 3910 392 3967 d
405 3909 572 3987 Smicytlsis,
584 3916 616 3967 et
636 3908 762 3983 Tisisde,
775 3914 805 3967 et
818 3908 952 3983 Chreme,
965 3916 995 3966 et
1008 3904 1206 3983 Pheredipue?
1226 3906 1355 3974 Quando

276 3993 382 4124 autegn,
393 3991 447 4048 nisi
458 4006 545 4068 nunc,
562 3991 771 4065 opitulabimini
785 3990 864 4065 milri,
874 3997 1023 4065 antequam
1034 3990 1121 4065 magis
1130 3992 1283 4048 introrsum
1294 3996 1355 4046 tra·

277 4068 332 4125 liar
717 4124 722 4129 .

319 4145 442 4207 CHOR.
463 4149 556 4210 Dicite
568 4152 644 4223 mihi,
656 4153 722 4223 qnid
737 4170 875 4211 cessamus
886 4167 1063 4211 commorere
1071 4151 1147 4207 illam
1159 4150 1255 4224 bilem,
1267 4166 1354 4223 quam

273 4228 411 4305 solemus,
421 4247 504 4303 quum
517 4234 580 4305 quis
592 4238 722 4291 nostrum
734 4236 904 4293 crabronum
916 4250 1033 4291 examen
1051 4231 1217 4290 excitaverit
1230 4234 1241 4287 l
1264 4248 1352 4302 nunc,

275 4324 354 4370 nnnc
366 4310 416 4371 ille
427 4314 578 4373 iracundie
591 4320 696 4376 nosne
715 4314 928 4394 stimulus,·quo
946 4319 1043 4374 sontes
1066 4313 1241 4389 castigamus,
1255 4317 1354 4372 acuties
