<?xml version="1.0" encoding="UTF-8"?>
<!DOCTYPE html PUBLIC "-//W3C//DTD XHTML 1.0 Transitional//EN"
    "http://www.w3.org/TR/xhtml1/DTD/xhtml1-transitional.dtd">
<html xmlns="http://www.w3.org/1999/xhtml" xml:lang="en" lang="en">
 <head>
  <title>
</title>
<meta http-equiv="Content-Type" content="text/html;charset=utf-8" />
  <meta name='ocr-system' content='tesseract 3.04.00' />
  <meta name='ocr-capabilities' content='ocr_page ocr_carea ocr_par ocr_line ocrx_word'/>
</head>
<body>
  <div class='ocr_page' id='page_1' title='image "aristophaniscom00brungoog_0278.png"; bbox 0 0 2875 4984; ppageno 0'>
   <div class='ocr_carea' id='block_1_1' title="bbox 269 332 1012 413">
    <p class='ocr_par' dir='ltr' id='par_1_1' title="bbox 269 332 1012 413">
     <span class='ocr_line' id='line_1_1' title="bbox 269 332 1012 413; baseline -0.005 -2"><span class='ocrx_word' id='word_1_1' title='bbox 269 352 337 413; x_wconf 79' lang='lat'><strong>2⁷0</strong></span> <span class='ocrx_word' id='word_1_2' title='bbox 415 383 420 390; x_wconf 73' lang='lat'>=</span> <span class='ocrx_word' id='word_1_3' title='bbox 623 332 1012 407; x_wconf 74' lang='lat' dir='ltr'>ARISTOPHANIS</span> 
     </span>
    </p>
   </div>
   <div class='ocr_carea' id='block_1_2' title="bbox 215 491 1420 4211">
    <p class='ocr_par' dir='ltr' id='par_1_2' title="bbox 273 491 1387 646">
     <span class='ocr_line' id='line_1_2' title="bbox 313 491 1387 579; baseline 0 -14"><span class='ocrx_word' id='word_1_4' title='bbox 313 502 413 565; x_wconf 83' lang='lat' dir='ltr'><strong>DEM.</strong></span> <span class='ocrx_word' id='word_1_5' title='bbox 430 500 525 563; x_wconf 76' lang='lat' dir='ltr'><strong>Esto:</strong></span> <span class='ocrx_word' id='word_1_6' title='bbox 546 502 705 577; x_wconf 71' lang='lat' dir='ltr'><strong>vulpeculis</strong></span> <span class='ocrx_word' id='word_1_7' title='bbox 723 499 890 561; x_wconf 80' lang='lat' dir='ltr'><strong>autemillis</strong></span> <span class='ocrx_word' id='word_1_8' title='bbox 910 491 1082 579; x_wconf 83' lang='lat' dir='ltr'><strong>stipendium</strong></span> <span class='ocrx_word' id='word_1_9' title='bbox 1103 502 1182 577; x_wconf 90' lang='lat' dir='ltr'><strong>quod</strong></span> <span class='ocrx_word' id='word_1_10' title='bbox 1205 503 1321 565; x_wconf 76' lang='lat' dir='ltr'><strong>uetur·</strong></span> <span class='ocrx_word' id='word_1_11' title='bbox 1333 505 1387 567; x_wconf 86' lang='lat' dir='ltr'><strong>nbi</strong></span> 
     </span>
     <span class='ocr_line' id='line_1_3' title="bbox 273 586 339 646; baseline -0.03 0"><span class='ocrx_word' id='word_1_12' title='bbox 273 586 339 646; x_wconf 77' lang='lat' dir='ltr'><strong>esti</strong></span> 
     </span>
    </p>

    <p class='ocr_par' dir='ltr' id='par_1_3' title="bbox 274 663 1384 825">
     <span class='ocr_line' id='line_1_4' title="bbox 315 663 1384 743; baseline 0 -16"><span class='ocrx_word' id='word_1_13' title='bbox 315 666 360 727; x_wconf 88' lang='lat' dir='ltr'><strong>Is.</strong></span> <span class='ocrx_word' id='word_1_14' title='bbox 381 664 415 726; x_wconf 87' lang='lat' dir='ltr'><strong>Id</strong></span> <span class='ocrx_word' id='word_1_15' title='bbox 428 684 482 743; x_wconf 77' lang='lat' dir='ltr'><strong>ego</strong></span> <span class='ocrx_word' id='word_1_16' title='bbox 495 664 631 741; x_wconf 80' lang='lat' dir='ltr'><strong>praebebo</strong></span> <span class='ocrx_word' id='word_1_17' title='bbox 644 684 758 738; x_wconf 90' lang='lat' dir='ltr'><strong>quoque</strong></span> <span class='ocrx_word' id='word_1_18' title='bbox 769 665 799 722; x_wconf 87' lang='lat' dir='ltr'><strong>iu</strong></span> <span class='ocrx_word' id='word_1_19' title='bbox 811 670 869 723; x_wconf 86' lang='lat' dir='ltr'><strong>tres</strong></span> <span class='ocrx_word' id='word_1_20' title='bbox 881 664 949 722; x_wconf 88' lang='lat' dir='ltr'><strong>dies.</strong></span> <span class='ocrx_word' id='word_1_21' title='bbox 979 663 1034 723; x_wconf 90' lang='lat' dir='ltr'><strong>Sed</strong></span> <span class='ocrx_word' id='word_1_22' title='bbox 1044 666 1101 723; x_wconf 91' lang='lat' dir='ltr'><strong>hoc</strong></span> <span class='ocrx_word' id='word_1_23' title='bbox 1112 666 1295 726; x_wconf 82' lang='lat' dir='ltr'><strong>adhucaudi</strong></span> <span class='ocrx_word' id='word_1_24' title='bbox 1312 685 1384 727; x_wconf 74' lang='lat' dir='ltr'><strong>orz-</strong></span> 
     </span>
     <span class='ocr_line' id='line_1_5' title="bbox 274 744 1277 825; baseline -0.001 -18"><span class='ocrx_word' id='word_1_25' title='bbox 274 750 378 819; x_wconf 89' lang='lat' dir='ltr'><strong>eulum,</strong></span> <span class='ocrx_word' id='word_1_26' title='bbox 395 767 452 823; x_wconf 93' lang='lat' dir='ltr'><strong>quo</strong></span> <span class='ocrx_word' id='word_1_27' title='bbox 465 754 494 805; x_wconf 89' lang='lat' dir='ltr'><strong>te</strong></span> <span class='ocrx_word' id='word_1_28' title='bbox 503 748 594 805; x_wconf 83' lang='lat' dir='ltr'><strong>vitare</strong></span> <span class='ocrx_word' id='word_1_29' title='bbox 603 746 690 821; x_wconf 88' lang='lat' dir='ltr'><strong>jussit</strong></span> <span class='ocrx_word' id='word_1_30' title='bbox 699 746 811 821; x_wconf 74' lang='lat' dir='ltr'><strong>Apollo</strong></span> <span class='ocrx_word' id='word_1_31' title='bbox 823 744 974 824; x_wconf 76' lang='lat' dir='ltr'>Cyllenen,</span> <span class='ocrx_word' id='word_1_32' title='bbox 984 764 1022 805; x_wconf 91' lang='lat' dir='ltr'><strong>ne</strong></span> <span class='ocrx_word' id='word_1_33' title='bbox 1030 751 1060 804; x_wconf 87' lang='lat' dir='ltr'><strong>te</strong></span> <span class='ocrx_word' id='word_1_34' title='bbox 1072 748 1122 805; x_wconf 87' lang='lat' dir='ltr'><strong>illa</strong></span> <span class='ocrx_word' id='word_1_35' title='bbox 1133 748 1277 825; x_wconf 85' lang='lat' dir='ltr'><strong>deciplat.</strong></span> 
     </span>
    </p>

    <p class='ocr_par' dir='ltr' id='par_1_4' title="bbox 314 826 775 903">
     <span class='ocr_line' id='line_1_6' title="bbox 314 826 775 903; baseline -0.002 -16"><span class='ocrx_word' id='word_1_36' title='bbox 314 828 415 888; x_wconf 85' lang='lat' dir='ltr'><strong>DEM.</strong></span> <span class='ocrx_word' id='word_1_37' title='bbox 436 827 597 897; x_wconf 76' lang='lat' dir='ltr'><strong>Quamnam</strong></span> <span class='ocrx_word' id='word_1_38' title='bbox 610 826 775 903; x_wconf 70' lang='lat' dir='ltr'><strong>Cyllenen?</strong></span> 
     </span>
    </p>

    <p class='ocr_par' dir='ltr' id='par_1_5' title="bbox 274 904 1382 1067">
     <span class='ocr_line' id='line_1_7' title="bbox 311 904 1382 986; baseline -0.002 -16"><span class='ocrx_word' id='word_1_39' title='bbox 311 908 359 969; x_wconf 88' lang='lat' dir='ltr'><strong>IS.</strong></span> <span class='ocrx_word' id='word_1_40' title='bbox 381 908 479 984; x_wconf 88' lang='lat' dir='ltr'><strong>Hujus</strong></span> <span class='ocrx_word' id='word_1_41' title='bbox 496 925 609 965; x_wconf 87' lang='lat' dir='ltr'><strong>manum</strong></span> <span class='ocrx_word' id='word_1_42' title='bbox 629 908 712 966; x_wconf 81' lang='lat' dir='ltr'><strong>fiuxit</strong></span> <span class='ocrx_word' id='word_1_43' title='bbox 726 907 866 986; x_wconf 77' lang='lat' dir='ltr'>Cyllenen</span> <span class='ocrx_word' id='word_1_44' title='bbox 887 904 947 967; x_wconf 85' lang='lat' dir='ltr'><strong>esse</strong></span> <span class='ocrx_word' id='word_1_45' title='bbox 958 908 1079 986; x_wconf 80' lang='lat' dir='ltr'><strong>merito,</strong></span> <span class='ocrx_word' id='word_1_46' title='bbox 1093 907 1163 983; x_wconf 89' lang='lat' dir='ltr'><strong>quia</strong></span> <span class='ocrx_word' id='word_1_47' title='bbox 1174 910 1279 968; x_wconf 88' lang='lat' dir='ltr'><strong>dicere</strong></span> <span class='ocrx_word' id='word_1_48' title='bbox 1291 908 1382 968; x_wconf 85' lang='lat' dir='ltr'><strong>hicce</strong></span> 
     </span>
     <span class='ocr_line' id='line_1_8' title="bbox 274 988 990 1067; baseline -0.011 -17"><span class='ocrx_word' id='word_1_49' title='bbox 274 992 358 1065; x_wconf 84' lang='lat' dir='ltr'><strong>solet,</strong></span> <span class='ocrx_word' id='word_1_50' title='bbox 373 988 463 1063; x_wconf 71' lang='lat' dir='ltr'><strong>Isqy&#39;s&#39;ce</strong></span> <span class='ocrx_word' id='word_1_51' title='bbox 476 993 507 1047; x_wconf 80' lang='lat' dir='ltr'><strong>in</strong></span> <span class='ocrx_word' id='word_1_52' title='bbox 520 988 644 1067; x_wconf 55' lang='lat' dir='ltr'><strong>cylices(</strong></span> <span class='ocrx_word' id='word_1_53' title='bbox 983 1006 990 1021; x_wconf 46' lang='grc' dir='ltr'><strong>ι</strong></span> 
     </span>
    </p>

    <p class='ocr_par' dir='ltr' id='par_1_6' title="bbox 271 1066 1380 1310">
     <span class='ocr_line' id='line_1_9' title="bbox 312 1066 1379 1147; baseline -0.003 -18"><span class='ocrx_word' id='word_1_54' title='bbox 312 1068 430 1129; x_wconf 81' lang='lat' dir='ltr'><strong>CLEO.</strong></span> <span class='ocrx_word' id='word_1_55' title='bbox 452 1067 604 1145; x_wconf 79' lang='lat' dir='ltr'><strong>Perpetem</strong></span> <span class='ocrx_word' id='word_1_56' title='bbox 627 1074 767 1128; x_wconf 86' lang='lat' dir='ltr'><strong>autumas.</strong></span> <span class='ocrx_word' id='word_1_57' title='bbox 809 1066 864 1127; x_wconf 86' lang='lat' dir='ltr'><strong>Per</strong></span> <span class='ocrx_word' id='word_1_58' title='bbox 875 1067 1022 1147; x_wconf 71' lang='lat' dir='ltr'><strong>Cyllenen</strong></span> <span class='ocrx_word' id='word_1_59' title='bbox 1042 1070 1116 1128; x_wconf 89' lang='lat' dir='ltr'><strong>euim</strong></span> <span class='ocrx_word' id='word_1_60' title='bbox 1134 1068 1265 1128; x_wconf 83' lang='lat' dir='ltr'><strong>Phoebus</strong></span> <span class='ocrx_word' id='word_1_61' title='bbox 1292 1074 1379 1127; x_wconf 87' lang='lat' dir='ltr'><strong>recte</strong></span> 
     </span>
     <span class='ocr_line' id='line_1_10' title="bbox 271 1148 1380 1226; baseline -0.003 -15"><span class='ocrx_word' id='word_1_62' title='bbox 271 1152 367 1211; x_wconf 81' lang='lat' dir='ltr'><strong>innuit</strong></span> <span class='ocrx_word' id='word_1_63' title='bbox 379 1169 492 1208; x_wconf 85' lang='lat' dir='ltr'><strong>mauum</strong></span> <span class='ocrx_word' id='word_1_64' title='bbox 507 1148 659 1225; x_wconf 87' lang='lat' dir='ltr'><strong>Diopithis.</strong></span> <span class='ocrx_word' id='word_1_65' title='bbox 701 1150 756 1208; x_wconf 88' lang='lat' dir='ltr'><strong>Sed</strong></span> <span class='ocrx_word' id='word_1_66' title='bbox 774 1158 818 1209; x_wconf 87' lang='lat' dir='ltr'><strong>eet</strong></span> <span class='ocrx_word' id='word_1_67' title='bbox 839 1151 908 1208; x_wconf 90' lang='lat' dir='ltr'><strong>mihi</strong></span> <span class='ocrx_word' id='word_1_68' title='bbox 926 1151 963 1207; x_wconf 92' lang='lat' dir='ltr'><strong>de</strong></span> <span class='ocrx_word' id='word_1_69' title='bbox 982 1156 1012 1208; x_wconf 90' lang='lat' dir='ltr'><strong>te</strong></span> <span class='ocrx_word' id='word_1_70' title='bbox 1031 1152 1179 1209; x_wconf 85' lang='lat' dir='ltr'><strong>oraculum</strong></span> <span class='ocrx_word' id='word_1_71' title='bbox 1196 1154 1331 1226; x_wconf 85' lang='lat' dir='ltr'><strong>alatum,</strong></span> <span class='ocrx_word' id='word_1_72' title='bbox 1346 1158 1380 1209; x_wconf 90' lang='lat' dir='ltr'><strong>ut</strong></span> 
     </span>
     <span class='ocr_line' id='line_1_11' title="bbox 273 1234 830 1310; baseline -0.004 -19"><span class='ocrx_word' id='word_1_73' title='bbox 273 1234 441 1310; x_wconf 78' lang='lat' dir='ltr'><strong>cquilcfius</strong></span> <span class='ocrx_word' id='word_1_74' title='bbox 453 1238 483 1288; x_wconf 84' lang='lat' dir='ltr'><strong>et</strong></span> <span class='ocrx_word' id='word_1_75' title='bbox 496 1236 579 1290; x_wconf 84' lang='lat' dir='ltr'><strong>omni</strong></span> <span class='ocrx_word' id='word_1_76' title='bbox 591 1238 680 1289; x_wconf 80' lang='lat' dir='ltr'><strong>terroe</strong></span> <span class='ocrx_word' id='word_1_77' title='bbox 694 1234 830 1307; x_wconf 82' lang='lat' dir='ltr'><strong>imperes.</strong></span> 
     </span>
    </p>

    <p class='ocr_par' dir='ltr' id='par_1_7' title="bbox 270 1310 1378 1467">
     <span class='ocr_line' id='line_1_12' title="bbox 313 1310 1378 1388; baseline -0.002 -17"><span class='ocrx_word' id='word_1_78' title='bbox 313 1312 359 1371; x_wconf 85' lang='lat' dir='ltr'><strong>IS.</strong></span> <span class='ocrx_word' id='word_1_79' title='bbox 379 1312 453 1370; x_wconf 87' lang='lat' dir='ltr'>Mihi</span> <span class='ocrx_word' id='word_1_80' title='bbox 466 1316 560 1371; x_wconf 59' lang='lat' dir='ltr'><strong>anum</strong></span> <span class='ocrx_word' id='word_1_81' title='bbox 579 1318 612 1369; x_wconf 90' lang='lat' dir='ltr'><strong>nt</strong></span> <span class='ocrx_word' id='word_1_82' title='bbox 631 1318 662 1368; x_wconf 87' lang='lat' dir='ltr'><strong>et</strong></span> <span class='ocrx_word' id='word_1_83' title='bbox 676 1317 772 1386; x_wconf 82' lang='lat' dir='ltr'><strong>terrae,</strong></span> <span class='ocrx_word' id='word_1_84' title='bbox 786 1319 817 1369; x_wconf 88' lang='lat' dir='ltr'><strong>et</strong></span> <span class='ocrx_word' id='word_1_85' title='bbox 829 1311 984 1387; x_wconf 75' lang='lat' dir='ltr'><strong>Erythraeo</strong></span> <span class='ocrx_word' id='word_1_86' title='bbox 996 1312 1079 1388; x_wconf 88' lang='lat' dir='ltr'><strong>mari,</strong></span> <span class='ocrx_word' id='word_1_87' title='bbox 1094 1319 1186 1386; x_wconf 85' lang='lat' dir='ltr'><strong>utque</strong></span> <span class='ocrx_word' id='word_1_88' title='bbox 1196 1313 1229 1369; x_wconf 86' lang='lat' dir='ltr'><strong>iu</strong></span> <span class='ocrx_word' id='word_1_89' title='bbox 1241 1310 1378 1369; x_wconf 77' lang='lat' dir='ltr'><strong>Ecbata-</strong></span> 
     </span>
     <span class='ocr_line' id='line_1_13' title="bbox 270 1392 941 1467; baseline -0.006 -14"><span class='ocrx_word' id='word_1_90' title='bbox 270 1393 316 1453; x_wconf 84' lang='lat' dir='ltr'><strong>nie</strong></span> <span class='ocrx_word' id='word_1_91' title='bbox 325 1393 375 1467; x_wconf 89' lang='lat' dir='ltr'><strong>jus</strong></span> <span class='ocrx_word' id='word_1_92' title='bbox 388 1394 513 1451; x_wconf 86' lang='lat' dir='ltr'><strong>dicturus</strong></span> <span class='ocrx_word' id='word_1_93' title='bbox 525 1392 561 1451; x_wconf 90' lang='lat' dir='ltr'><strong>sis</strong></span> <span class='ocrx_word' id='word_1_94' title='bbox 571 1392 695 1449; x_wconf 88' lang='lat' dir='ltr'><strong>lambens</strong></span> <span class='ocrx_word' id='word_1_95' title='bbox 710 1393 840 1451; x_wconf 86' lang='lat' dir='ltr'><strong>conditos</strong></span> <span class='ocrx_word' id='word_1_96' title='bbox 851 1392 941 1449; x_wconf 83' lang='lat' dir='ltr'><strong>cibos.</strong></span> 
     </span>
    </p>

    <p class='ocr_par' dir='ltr' id='par_1_8' title="bbox 215 1470 1420 1949">
     <span class='ocr_line' id='line_1_14' title="bbox 313 1470 1376 1550; baseline -0.007 -17"><span class='ocrx_word' id='word_1_97' title='bbox 313 1472 427 1533; x_wconf 86' lang='lat' dir='ltr'><strong>CLEO.</strong></span> <span class='ocrx_word' id='word_1_98' title='bbox 449 1475 492 1531; x_wconf 82' lang='lat' dir='ltr'><strong>At</strong></span> <span class='ocrx_word' id='word_1_99' title='bbox 505 1490 559 1550; x_wconf 81' lang='lat' dir='ltr'><strong>ego</strong></span> <span class='ocrx_word' id='word_1_100' title='bbox 577 1473 749 1531; x_wconf 82' lang='lat' dir='ltr'><strong>insomnium</strong></span> <span class='ocrx_word' id='word_1_101' title='bbox 761 1473 829 1545; x_wconf 85' lang='lat' dir='ltr'><strong>ridi,</strong></span> <span class='ocrx_word' id='word_1_102' title='bbox 842 1479 872 1530; x_wconf 89' lang='lat' dir='ltr'><strong>et</strong></span> <span class='ocrx_word' id='word_1_103' title='bbox 889 1471 958 1530; x_wconf 92' lang='lat' dir='ltr'><strong>mihi</strong></span> <span class='ocrx_word' id='word_1_104' title='bbox 970 1470 1119 1543; x_wconf 77' lang='lat' dir='ltr'><strong>ridebatur</strong></span> <span class='ocrx_word' id='word_1_105' title='bbox 1127 1473 1196 1547; x_wconf 86' lang='lat' dir='ltr'><strong>ipsa</strong></span> <span class='ocrx_word' id='word_1_106' title='bbox 1208 1470 1276 1532; x_wconf 88' lang='lat' dir='ltr'><strong>Dea</strong></span> <span class='ocrx_word' id='word_1_107' title='bbox 1289 1492 1310 1531; x_wconf 92' lang='lat' dir='ltr'><strong>e</strong></span> <span class='ocrx_word' id='word_1_108' title='bbox 1324 1490 1376 1531; x_wconf 86' lang='lat' dir='ltr'><strong>co.</strong></span> 
     </span>
     <span class='ocr_line' id='line_1_15' title="bbox 272 1554 990 1635; baseline -0.001 -23"><span class='ocrx_word' id='word_1_109' title='bbox 272 1556 335 1635; x_wconf 85' lang='lat' dir='ltr'><strong>tyla</strong></span> <span class='ocrx_word' id='word_1_110' title='bbox 350 1556 379 1613; x_wconf 92' lang='lat' dir='ltr'><strong>iu</strong></span> <span class='ocrx_word' id='word_1_111' title='bbox 393 1556 535 1629; x_wconf 89' lang='lat' dir='ltr'><strong>pupulum</strong></span> <span class='ocrx_word' id='word_1_112' title='bbox 547 1554 697 1613; x_wconf 78' lang='lat' dir='ltr'><strong>infundere</strong></span> <span class='ocrx_word' id='word_1_113' title='bbox 710 1572 779 1628; x_wconf 86' lang='lat' dir='ltr'><strong>opes</strong></span> <span class='ocrx_word' id='word_1_114' title='bbox 792 1561 821 1612; x_wconf 89' lang='lat' dir='ltr'><strong>ct</strong></span> <span class='ocrx_word' id='word_1_115' title='bbox 830 1554 990 1611; x_wconf 86' lang='lat' dir='ltr'><strong>sanitatem.</strong></span> 
     </span>
     <span class='ocr_line' id='line_1_16' title="bbox 215 1633 1374 1710; baseline -0.003 -15"><span class='ocrx_word' id='word_1_116' title='bbox 215 1639 225 1659; x_wconf 82' lang='lat'><strong>⁴</strong></span> <span class='ocrx_word' id='word_1_117' title='bbox 315 1636 361 1695; x_wconf 87' lang='lat' dir='ltr'><strong>ls.</strong></span> <span class='ocrx_word' id='word_1_118' title='bbox 383 1636 448 1710; x_wconf 78' lang='lat' dir='ltr'><strong>Ego</strong></span> <span class='ocrx_word' id='word_1_119' title='bbox 461 1636 555 1703; x_wconf 86' lang='lat' dir='ltr'><strong>etiam,</strong></span> <span class='ocrx_word' id='word_1_120' title='bbox 570 1636 610 1691; x_wconf 88' lang='lat' dir='ltr'><strong>itu</strong></span> <span class='ocrx_word' id='word_1_121' title='bbox 622 1652 667 1692; x_wconf 90' lang='lat' dir='ltr'><strong>me</strong></span> <span class='ocrx_word' id='word_1_122' title='bbox 679 1633 796 1709; x_wconf 82' lang='lat' dir='ltr'><strong>Jupiter</strong></span> <span class='ocrx_word' id='word_1_123' title='bbox 808 1641 883 1693; x_wconf 84' lang='lat' dir='ltr'><strong>umet</strong></span> <span class='ocrx_word' id='word_1_124' title='bbox 891 1655 902 1706; x_wconf 91' lang='lat'>;</span> <span class='ocrx_word' id='word_1_125' title='bbox 923 1634 1031 1709; x_wconf 89' lang='lat' dir='ltr'><strong>qnippe</strong></span> <span class='ocrx_word' id='word_1_126' title='bbox 1041 1634 1119 1691; x_wconf 83' lang='lat' dir='ltr'><strong>&#39;mihi</strong></span> <span class='ocrx_word' id='word_1_127' title='bbox 1136 1636 1293 1693; x_wconf 86' lang='lat' dir='ltr'><strong>ridebatur</strong></span> <span class='ocrx_word' id='word_1_128' title='bbox 1309 1636 1374 1710; x_wconf 81' lang='lat' dir='ltr'><strong>ipss</strong></span> 
     </span>
     <span class='ocr_line' id='line_1_17' title="bbox 272 1714 1372 1789; baseline -0.003 -14"><span class='ocrx_word' id='word_1_129' title='bbox 272 1715 336 1775; x_wconf 83' lang='lat' dir='ltr'><strong>Des</strong></span> <span class='ocrx_word' id='word_1_130' title='bbox 347 1735 383 1774; x_wconf 87' lang='lat' dir='ltr'><strong>ex</strong></span> <span class='ocrx_word' id='word_1_131' title='bbox 396 1734 462 1773; x_wconf 87' lang='lat' dir='ltr'><strong>arce</strong></span> <span class='ocrx_word' id='word_1_132' title='bbox 483 1716 663 1789; x_wconf 74' lang='lat' dir='ltr'><strong>descendere,</strong></span> <span class='ocrx_word' id='word_1_133' title='bbox 678 1716 761 1789; x_wconf 90' lang='lat' dir='ltr'><strong>eique</strong></span> <span class='ocrx_word' id='word_1_134' title='bbox 779 1722 885 1773; x_wconf 87' lang='lat' dir='ltr'><strong>noctua</strong></span> <span class='ocrx_word' id='word_1_135' title='bbox 904 1715 1037 1789; x_wconf 85' lang='lat' dir='ltr'><strong>insidere,</strong></span> <span class='ocrx_word' id='word_1_136' title='bbox 1052 1714 1154 1773; x_wconf 91' lang='lat' dir='ltr'><strong>deiude</strong></span> <span class='ocrx_word' id='word_1_137' title='bbox 1166 1714 1275 1789; x_wconf 86' lang='lat' dir='ltr'><strong>majori</strong></span> <span class='ocrx_word' id='word_1_138' title='bbox 1290 1734 1310 1771; x_wconf 93' lang='lat' dir='ltr'><strong>e</strong></span> <span class='ocrx_word' id='word_1_139' title='bbox 1324 1733 1372 1772; x_wconf 86' lang='lat' dir='ltr'><strong>ca·</strong></span> 
     </span>
     <span class='ocr_line' id='line_1_18' title="bbox 272 1796 1420 1873; baseline 0 -20"><span class='ocrx_word' id='word_1_140' title='bbox 272 1796 327 1854; x_wconf 91' lang='lat' dir='ltr'><strong>lice</strong></span> <span class='ocrx_word' id='word_1_141' title='bbox 339 1796 490 1853; x_wconf 76' lang='lat' dir='ltr'><strong>infundere</strong></span> <span class='ocrx_word' id='word_1_142' title='bbox 503 1796 652 1869; x_wconf 76' lang='lat' dir='ltr'><strong>utriusque</strong></span> <span class='ocrx_word' id='word_1_143' title='bbox 672 1797 701 1852; x_wconf 91' lang='lat' dir='ltr'><strong>iu</strong></span> <span class='ocrx_word' id='word_1_144' title='bbox 726 1805 824 1873; x_wconf 85' lang='lat' dir='ltr'><strong>caput,</strong></span> <span class='ocrx_word' id='word_1_145' title='bbox 844 1803 927 1853; x_wconf 92' lang='lat' dir='ltr'><strong>tuum</strong></span> <span class='ocrx_word' id='word_1_146' title='bbox 940 1797 1065 1872; x_wconf 85' lang='lat' dir='ltr'><strong>quidem,</strong></span> <span class='ocrx_word' id='word_1_147' title='bbox 1079 1796 1266 1871; x_wconf 78' lang='lat' dir='ltr'><strong>ambrosium,</strong></span> <span class='ocrx_word' id='word_1_148' title='bbox 1280 1796 1372 1871; x_wconf 91' lang='lat' dir='ltr'><strong>hujus</strong></span> <span class='ocrx_word' id='word_1_149' title='bbox 1418 1818 1420 1873; x_wconf 62' lang='grc' dir='ltr'><strong>ι</strong></span> 
     </span>
     <span class='ocr_line' id='line_1_19' title="bbox 272 1874 660 1949; baseline -0.005 -16"><span class='ocrx_word' id='word_1_150' title='bbox 272 1883 378 1949; x_wconf 84' lang='lat' dir='ltr'><strong>autem,</strong></span> <span class='ocrx_word' id='word_1_151' title='bbox 396 1876 512 1934; x_wconf 84' lang='lat' dir='ltr'><strong>muriam</strong></span> <span class='ocrx_word' id='word_1_152' title='bbox 526 1874 660 1933; x_wconf 87' lang='lat' dir='ltr'><strong>ailiatsm.</strong></span> 
     </span>
    </p>

    <p class='ocr_par' dir='ltr' id='par_1_9' title="bbox 271 1954 1370 2178">
     <span class='ocr_line' id='line_1_20' title="bbox 313 1954 1368 2031; baseline -0.003 -16"><span class='ocrx_word' id='word_1_153' title='bbox 313 1956 414 2015; x_wconf 88' lang='lat' dir='ltr'><strong>DEM.</strong></span> <span class='ocrx_word' id='word_1_154' title='bbox 437 1955 487 2030; x_wconf 89' lang='lat' dir='ltr'><strong>Iu,</strong></span> <span class='ocrx_word' id='word_1_155' title='bbox 509 1956 560 2014; x_wconf 89' lang='lat' dir='ltr'><strong>iu!</strong></span> <span class='ocrx_word' id='word_1_156' title='bbox 582 1973 666 2014; x_wconf 88' lang='lat' dir='ltr'><strong>nemo</strong></span> <span class='ocrx_word' id='word_1_157' title='bbox 687 1956 821 2031; x_wconf 88' lang='lat' dir='ltr'><strong>profecto</strong></span> <span class='ocrx_word' id='word_1_158' title='bbox 841 1960 903 2013; x_wconf 84' lang='lat' dir='ltr'><strong>urat</strong></span> <span class='ocrx_word' id='word_1_159' title='bbox 926 1954 1052 2014; x_wconf 87' lang='lat' dir='ltr'><strong>Glauide</strong></span> <span class='ocrx_word' id='word_1_160' title='bbox 1076 1956 1245 2031; x_wconf 79' lang='lat' dir='ltr'><strong>sapientior.</strong></span> <span class='ocrx_word' id='word_1_161' title='bbox 1288 1956 1368 2025; x_wconf 88' lang='lat' dir='ltr'><strong>Quin</strong></span> 
     </span>
     <span class='ocr_line' id='line_1_21' title="bbox 272 2038 1370 2113; baseline -0.002 -16"><span class='ocrx_word' id='word_1_162' title='bbox 272 2043 375 2097; x_wconf 86' lang='lat' dir='ltr'><strong>memet</strong></span> <span class='ocrx_word' id='word_1_163' title='bbox 389 2038 442 2095; x_wconf 86' lang='lat' dir='ltr'><strong>tibi</strong></span> <span class='ocrx_word' id='word_1_164' title='bbox 462 2038 620 2113; x_wconf 86' lang='lat' dir='ltr'><strong>committo,</strong></span> <span class='ocrx_word' id='word_1_165' title='bbox 636 2044 668 2095; x_wconf 90' lang='lat' dir='ltr'><strong>ut</strong></span> <span class='ocrx_word' id='word_1_166' title='bbox 686 2056 781 2096; x_wconf 89' lang='lat' dir='ltr'><strong>senem</strong></span> <span class='ocrx_word' id='word_1_167' title='bbox 801 2054 846 2095; x_wconf 87' lang='lat' dir='ltr'><strong>me</strong></span> <span class='ocrx_word' id='word_1_168' title='bbox 865 2054 960 2113; x_wconf 85' lang='lat' dir='ltr'><strong>cures,</strong></span> <span class='ocrx_word' id='word_1_169' title='bbox 980 2043 1010 2095; x_wconf 88' lang='lat' dir='ltr'><strong>et</strong></span> <span class='ocrx_word' id='word_1_170' title='bbox 1033 2040 1113 2112; x_wconf 90' lang='lat' dir='ltr'><strong>quasi</strong></span> <span class='ocrx_word' id='word_1_171' title='bbox 1134 2056 1254 2113; x_wconf 86' lang='lat' dir='ltr'><strong>puerum</strong></span> <span class='ocrx_word' id='word_1_172' title='bbox 1268 2038 1370 2095; x_wconf 87' lang='lat' dir='ltr'><strong>denuo</strong></span> 
     </span>
     <span class='ocr_line' id='line_1_22' title="bbox 271 2120 399 2178; baseline 0 0"><span class='ocrx_word' id='word_1_173' title='bbox 271 2120 399 2178; x_wconf 84' lang='lat' dir='ltr'><strong>edoceas.</strong></span> 
     </span>
    </p>

    <p class='ocr_par' dir='ltr' id='par_1_10' title="bbox 273 2198 1366 2353">
     <span class='ocr_line' id='line_1_23' title="bbox 306 2198 1366 2274; baseline -0.003 -15"><span class='ocrx_word' id='word_1_174' title='bbox 306 2198 432 2259; x_wconf 81' lang='lat' dir='ltr'><strong>CLEO.</strong></span> <span class='ocrx_word' id='word_1_175' title='bbox 454 2198 603 2271; x_wconf 86' lang='lat' dir='ltr'><strong>Nondum,</strong></span> <span class='ocrx_word' id='word_1_176' title='bbox 617 2202 736 2257; x_wconf 87' lang='lat' dir='ltr'><strong>obsecro</strong></span> <span class='ocrx_word' id='word_1_177' title='bbox 749 2205 788 2274; x_wconf 90' lang='lat' dir='ltr'><strong>te,</strong></span> <span class='ocrx_word' id='word_1_178' title='bbox 800 2199 849 2257; x_wconf 87' lang='lat' dir='ltr'><strong>sed</strong></span> <span class='ocrx_word' id='word_1_179' title='bbox 861 2201 1017 2273; x_wconf 84' lang='lat' dir='ltr'><strong>exspecta.</strong></span> <span class='ocrx_word' id='word_1_180' title='bbox 1032 2215 1097 2255; x_wconf 87' lang='lat' dir='ltr'><strong>nam</strong></span> <span class='ocrx_word' id='word_1_181' title='bbox 1108 2198 1216 2257; x_wconf 86' lang='lat' dir='ltr'><strong>hordea</strong></span> <span class='ocrx_word' id='word_1_182' title='bbox 1224 2198 1278 2257; x_wconf 89' lang='lat' dir='ltr'><strong>tihi</strong></span> <span class='ocrx_word' id='word_1_183' title='bbox 1289 2216 1366 2274; x_wconf 81' lang='lat' dir='ltr'><strong>prae·</strong></span> 
     </span>
     <span class='ocr_line' id='line_1_24' title="bbox 273 2280 657 2353; baseline -0.003 -15"><span class='ocrx_word' id='word_1_184' title='bbox 273 2280 348 2339; x_wconf 89' lang='lat' dir='ltr'><strong>bebo</strong></span> <span class='ocrx_word' id='word_1_185' title='bbox 358 2288 390 2338; x_wconf 86' lang='lat' dir='ltr'><strong>et</strong></span> <span class='ocrx_word' id='word_1_186' title='bbox 400 2282 506 2340; x_wconf 79' lang='lat' dir='ltr'><strong>uotum</strong></span> <span class='ocrx_word' id='word_1_187' title='bbox 520 2280 657 2353; x_wconf 73' lang='lat' dir='ltr'><strong>quoedie.</strong></span> 
     </span>
    </p>

    <p class='ocr_par' dir='ltr' id='par_1_11' title="bbox 273 2358 1420 2513">
     <span class='ocr_line' id='line_1_25' title="bbox 313 2358 1420 2435; baseline -0.002 -17"><span class='ocrx_word' id='word_1_188' title='bbox 313 2359 412 2419; x_wconf 84' lang='lat' dir='ltr'><strong>DEM.</strong></span> <span class='ocrx_word' id='word_1_189' title='bbox 434 2358 619 2420; x_wconf 88' lang='lat' dir='ltr'><strong>Hordeorum</strong></span> <span class='ocrx_word' id='word_1_190' title='bbox 639 2360 810 2418; x_wconf 87' lang='lat' dir='ltr'><strong>mentionem</strong></span> <span class='ocrx_word' id='word_1_191' title='bbox 832 2359 952 2417; x_wconf 86' lang='lat' dir='ltr'><strong>sufferre</strong></span> <span class='ocrx_word' id='word_1_192' title='bbox 971 2376 1093 2433; x_wconf 89' lang='lat' dir='ltr'><strong>nequeo</strong></span> <span class='ocrx_word' id='word_1_193' title='bbox 1134 2358 1218 2435; x_wconf 76' lang='lat' dir='ltr'><strong>saepe</strong></span> <span class='ocrx_word' id='word_1_194' title='bbox 1231 2360 1420 2435; x_wconf 79' lang='lat' dir='ltr'><strong>deceptui⁴</strong></span> 
     </span>
     <span class='ocr_line' id='line_1_26' title="bbox 273 2439 678 2513; baseline -0.003 -15"><span class='ocrx_word' id='word_1_195' title='bbox 273 2457 335 2499; x_wconf 86' lang='lat' dir='ltr'><strong>sum</strong></span> <span class='ocrx_word' id='word_1_196' title='bbox 349 2459 367 2497; x_wconf 79' lang='lat' dir='ltr'>a</span> <span class='ocrx_word' id='word_1_197' title='bbox 379 2448 408 2499; x_wconf 88' lang='lat' dir='ltr'><strong>te</strong></span> <span class='ocrx_word' id='word_1_198' title='bbox 419 2446 450 2498; x_wconf 87' lang='lat' dir='ltr'><strong>et</strong></span> <span class='ocrx_word' id='word_1_199' title='bbox 461 2458 479 2496; x_wconf 83' lang='lat' dir='ltr'><strong>a</strong></span> <span class='ocrx_word' id='word_1_200' title='bbox 492 2439 678 2513; x_wconf 80' lang='lat' dir='ltr'><strong>Theophane.</strong></span> 
     </span>
    </p>

    <p class='ocr_par' dir='ltr' id='par_1_12' title="bbox 312 2495 1049 2615">
     <span class='ocr_line' id='line_1_27' title="bbox 312 2495 1049 2615; baseline 0.001 -38"><span class='ocrx_word' id='word_1_201' title='bbox 312 2517 434 2577; x_wconf 85' lang='lat' dir='ltr'><strong>CLEO.</strong></span> <span class='ocrx_word' id='word_1_202' title='bbox 454 2517 549 2579; x_wconf 90' lang='lat' dir='ltr'><strong>Immo</strong></span> <span class='ocrx_word' id='word_1_203' title='bbox 561 2522 680 2578; x_wconf 82' lang='lat' dir='ltr'><strong>ferinum</strong></span> <span class='ocrx_word' id='word_1_204' title='bbox 694 2519 747 2577; x_wconf 90' lang='lat' dir='ltr'><strong>tibi</strong></span> <span class='ocrx_word' id='word_1_205' title='bbox 760 2520 835 2577; x_wconf 89' lang='lat' dir='ltr'><strong>dabo</strong></span> <span class='ocrx_word' id='word_1_206' title='bbox 849 2495 1049 2615; x_wconf 76' lang='lat' dir='ltr'><strong>praeparatam.</strong></span> 
     </span>
    </p>

    <p class='ocr_par' dir='ltr' id='par_1_13' title="bbox 272 2597 1362 2755">
     <span class='ocr_line' id='line_1_28' title="bbox 311 2597 1362 2697; baseline -0.004 -38"><span class='ocrx_word' id='word_1_207' title='bbox 311 2598 357 2659; x_wconf 90' lang='lat' dir='ltr'><strong>IS.</strong></span> <span class='ocrx_word' id='word_1_208' title='bbox 380 2597 444 2697; x_wconf 79' lang='lat' dir='ltr'><strong>Ego</strong></span> <span class='ocrx_word' id='word_1_209' title='bbox 456 2608 526 2659; x_wconf 85' lang='lat' dir='ltr'><strong>vero</strong></span> <span class='ocrx_word' id='word_1_210' title='bbox 539 2620 640 2676; x_wconf 84' lang='lat' dir='ltr'><strong>parvas</strong></span> <span class='ocrx_word' id='word_1_211' title='bbox 653 2618 746 2659; x_wconf 79' lang='lat' dir='ltr'><strong>menas</strong></span> <span class='ocrx_word' id='word_1_212' title='bbox 762 2600 824 2675; x_wconf 87' lang='lat' dir='ltr'><strong>jam</strong></span> <span class='ocrx_word' id='word_1_213' title='bbox 842 2602 931 2675; x_wconf 84' lang='lat' dir='ltr'><strong>pistas</strong></span> <span class='ocrx_word' id='word_1_214' title='bbox 944 2609 974 2659; x_wconf 90' lang='lat' dir='ltr'><strong>et</strong></span> <span class='ocrx_word' id='word_1_215' title='bbox 986 2603 1076 2676; x_wconf 84' lang='lat' dir='ltr'><strong>pisces</strong></span> <span class='ocrx_word' id='word_1_216' title='bbox 1088 2604 1202 2660; x_wconf 86' lang='lat' dir='ltr'><strong>tostos:</strong></span> <span class='ocrx_word' id='word_1_217' title='bbox 1224 2602 1295 2660; x_wconf 89' lang='lat' dir='ltr'><strong>nihil</strong></span> <span class='ocrx_word' id='word_1_218' title='bbox 1308 2603 1362 2661; x_wconf 92' lang='lat' dir='ltr'><strong>oh.</strong></span> 
     </span>
     <span class='ocr_line' id='line_1_29' title="bbox 272 2682 730 2755; baseline 0.004 -14"><span class='ocrx_word' id='word_1_219' title='bbox 272 2682 368 2752; x_wconf 84' lang='lat' dir='ltr'><strong>stabit,</strong></span> <span class='ocrx_word' id='word_1_220' title='bbox 380 2683 450 2755; x_wconf 92' lang='lat' dir='ltr'><strong>quin</strong></span> <span class='ocrx_word' id='word_1_221' title='bbox 463 2682 626 2741; x_wconf 85' lang='lat' dir='ltr'><strong>illicoedes.</strong></span> <span class='ocrx_word' id='word_1_222' title='bbox 727 2702 730 2709; x_wconf 80' lang='grc'><strong>’</strong></span> 
     </span>
    </p>

    <p class='ocr_par' dir='ltr' id='par_1_14' title="bbox 272 2759 1359 2921">
     <span class='ocr_line' id='line_1_30' title="bbox 312 2759 1359 2838; baseline 0.002 -17"><span class='ocrx_word' id='word_1_223' title='bbox 312 2760 414 2821; x_wconf 86' lang='lat' dir='ltr'><strong>DEM.</strong></span> <span class='ocrx_word' id='word_1_224' title='bbox 436 2759 594 2837; x_wconf 84' lang='lat' dir='ltr'><strong>Properate</strong></span> <span class='ocrx_word' id='word_1_225' title='bbox 616 2762 701 2838; x_wconf 73' lang='lat' dir='ltr'><strong>igitur</strong></span> <span class='ocrx_word' id='word_1_226' title='bbox 720 2761 874 2835; x_wconf 83' lang='lat' dir='ltr'><strong>perficere,</strong></span> <span class='ocrx_word' id='word_1_227' title='bbox 889 2762 968 2834; x_wconf 92' lang='lat' dir='ltr'><strong>quod</strong></span> <span class='ocrx_word' id='word_1_228' title='bbox 992 2761 1087 2819; x_wconf 86' lang='lat' dir='ltr'><strong>sultis.</strong></span> <span class='ocrx_word' id='word_1_229' title='bbox 1128 2759 1206 2820; x_wconf 92' lang='lat' dir='ltr'><strong>Uter</strong></span> <span class='ocrx_word' id='word_1_230' title='bbox 1224 2760 1359 2823; x_wconf 78' lang='lat' dir='ltr'><strong>enimse·</strong></span> 
     </span>
     <span class='ocr_line' id='line_1_31' title="bbox 272 2840 1335 2921; baseline 0.001 -20"><span class='ocrx_word' id='word_1_231' title='bbox 272 2844 365 2903; x_wconf 88' lang='lat' dir='ltr'><strong>strdm</strong></span> <span class='ocrx_word' id='word_1_232' title='bbox 377 2844 445 2903; x_wconf 88' lang='lat' dir='ltr'><strong>mihi</strong></span> <span class='ocrx_word' id='word_1_233' title='bbox 458 2846 524 2917; x_wconf 87' lang='lat' dir='ltr'><strong>plus</strong></span> <span class='ocrx_word' id='word_1_234' title='bbox 536 2844 722 2918; x_wconf 78' lang='lat' dir='ltr'><strong>benefecerit,</strong></span> <span class='ocrx_word' id='word_1_235' title='bbox 736 2844 802 2901; x_wconf 90' lang='lat' dir='ltr'><strong>huic</strong></span> <span class='ocrx_word' id='word_1_236' title='bbox 815 2862 868 2918; x_wconf 83' lang='lat' dir='ltr'><strong>ego</strong></span> <span class='ocrx_word' id='word_1_237' title='bbox 877 2843 986 2901; x_wconf 82' lang='lat' dir='ltr'><strong>tradam</strong></span> <span class='ocrx_word' id='word_1_238' title='bbox 996 2842 1120 2901; x_wconf 85' lang='lat' dir='ltr'><strong>habenas</strong></span> <span class='ocrx_word' id='word_1_239' title='bbox 1133 2840 1249 2921; x_wconf 85' lang='lat' dir='ltr'><strong>Puycis.</strong></span> <span class='ocrx_word' id='word_1_240' title='bbox 1330 2847 1335 2853; x_wconf 88' lang='lat'>&#39;</span> 
     </span>
    </p>

    <p class='ocr_par' dir='ltr' id='par_1_15' title="bbox 314 2922 1420 2999">
     <span class='ocr_line' id='line_1_32' title="bbox 314 2922 1420 2999; baseline -0.002 -17"><span class='ocrx_word' id='word_1_241' title='bbox 314 2922 433 2983; x_wconf 74' lang='lat' dir='ltr'><strong>chao.</strong></span> <span class='ocrx_word' id='word_1_242' title='bbox 453 2924 574 2987; x_wconf 83' lang='lat' dir='ltr'><strong>Currum</strong></span> <span class='ocrx_word' id='word_1_243' title='bbox 586 2925 682 2998; x_wconf 87' lang='lat' dir='ltr'><strong>itaque</strong></span> <span class='ocrx_word' id='word_1_244' title='bbox 691 2922 752 2999; x_wconf 86' lang='lat' dir='ltr'><strong>jam</strong></span> <span class='ocrx_word' id='word_1_245' title='bbox 767 2924 858 2999; x_wconf 91' lang='lat' dir='ltr'><strong>prior.</strong></span> <span class='ocrx_word' id='word_1_246' title='bbox 1419 2944 1420 2951; x_wconf 51' lang='lat'>¹</span> 
     </span>
    </p>

    <p class='ocr_par' dir='ltr' id='par_1_16' title="bbox 310 3002 752 3080">
     <span class='ocr_line' id='line_1_33' title="bbox 310 3002 752 3080; baseline -0.007 -15"><span class='ocrx_word' id='word_1_247' title='bbox 310 3002 361 3065; x_wconf 85' lang='lat' dir='ltr'><strong>ls.</strong></span> <span class='ocrx_word' id='word_1_248' title='bbox 382 3004 413 3062; x_wconf 94' lang='lat' dir='ltr'><strong>N</strong></span> <span class='ocrx_word' id='word_1_249' title='bbox 415 3022 453 3062; x_wconf 92' lang='lat' dir='ltr'><strong>on</strong></span> <span class='ocrx_word' id='word_1_250' title='bbox 466 3011 497 3061; x_wconf 92' lang='lat' dir='ltr'><strong>tu</strong></span> <span class='ocrx_word' id='word_1_251' title='bbox 510 3004 616 3080; x_wconf 90' lang='lat' dir='ltr'><strong>hercle,</strong></span> <span class='ocrx_word' id='word_1_252' title='bbox 627 3006 674 3063; x_wconf 86' lang='lat' dir='ltr'><strong>sed</strong></span> <span class='ocrx_word' id='word_1_253' title='bbox 688 3023 752 3079; x_wconf 84' lang='lat' dir='ltr'><strong>ego.</strong></span> 
     </span>
    </p>

    <p class='ocr_par' dir='ltr' id='par_1_17' title="bbox 270 3082 1358 3469">
     <span class='ocr_line' id='line_1_34' title="bbox 312 3082 1358 3161; baseline 0 -17"><span class='ocrx_word' id='word_1_254' title='bbox 312 3082 440 3144; x_wconf 85' lang='lat' dir='ltr'><strong>CHOR.</strong></span> <span class='ocrx_word' id='word_1_255' title='bbox 463 3083 490 3142; x_wconf 94' lang='lat' dir='ltr'>O</span> <span class='ocrx_word' id='word_1_256' title='bbox 504 3082 603 3159; x_wconf 86' lang='lat' dir='ltr'><strong>Deme,</strong></span> <span class='ocrx_word' id='word_1_257' title='bbox 617 3086 787 3160; x_wconf 75' lang='lat' dir='ltr'><strong>praeclsrnm</strong></span> <span class='ocrx_word' id='word_1_258' title='bbox 798 3083 898 3157; x_wconf 88' lang='lat' dir='ltr'><strong>ntique</strong></span> <span class='ocrx_word' id='word_1_259' title='bbox 908 3083 996 3143; x_wconf 85' lang='lat' dir='ltr'><strong>habes</strong></span> <span class='ocrx_word' id='word_1_260' title='bbox 1007 3084 1167 3159; x_wconf 85' lang='lat' dir='ltr'><strong>imperinm,</strong></span> <span class='ocrx_word' id='word_1_261' title='bbox 1181 3086 1358 3161; x_wconf 86' lang='lat' dir='ltr'><strong>quondoqui-</strong></span> 
     </span>
     <span class='ocr_line' id='line_1_35' title="bbox 272 3166 1355 3243; baseline 0.001 -18"><span class='ocrx_word' id='word_1_262' title='bbox 272 3167 338 3225; x_wconf 83' lang='lat' dir='ltr'><strong>dem</strong></span> <span class='ocrx_word' id='word_1_263' title='bbox 351 3182 447 3223; x_wconf 89' lang='lat' dir='ltr'><strong>omues</strong></span> <span class='ocrx_word' id='word_1_264' title='bbox 460 3166 586 3223; x_wconf 88' lang='lat' dir='ltr'><strong>homiues</strong></span> <span class='ocrx_word' id='word_1_265' title='bbox 600 3171 783 3237; x_wconf 72' lang='lat' dir='ltr'><strong>metuuut‘te,</strong></span> <span class='ocrx_word' id='word_1_266' title='bbox 793 3170 927 3237; x_wconf 82' lang='lat' dir='ltr'><strong>tunquam</strong></span> <span class='ocrx_word' id='word_1_267' title='bbox 940 3173 1113 3242; x_wconf 85' lang='lat' dir='ltr'><strong>tyrannum:</strong></span> <span class='ocrx_word' id='word_1_268' title='bbox 1136 3166 1185 3223; x_wconf 90' lang='lat' dir='ltr'><strong>sed</strong></span> <span class='ocrx_word' id='word_1_269' title='bbox 1197 3168 1306 3226; x_wconf 89' lang='lat' dir='ltr'><strong>mobilis</strong></span> <span class='ocrx_word' id='word_1_270' title='bbox 1314 3186 1355 3243; x_wconf 80' lang='lat' dir='ltr'><strong>es,</strong></span> 
     </span>
     <span class='ocr_line' id='line_1_36' title="bbox 272 3244 1356 3321; baseline -0.004 -17"><span class='ocrx_word' id='word_1_271' title='bbox 272 3252 303 3305; x_wconf 89' lang='lat' dir='ltr'><strong>et</strong></span> <span class='ocrx_word' id='word_1_272' title='bbox 316 3246 339 3302; x_wconf 89' lang='lat' dir='ltr'><strong>si</strong></span> <span class='ocrx_word' id='word_1_273' title='bbox 352 3246 414 3317; x_wconf 89' lang='lat' dir='ltr'><strong>quis</strong></span> <span class='ocrx_word' id='word_1_274' title='bbox 428 3246 481 3302; x_wconf 90' lang='lat' dir='ltr'><strong>tibi</strong></span> <span class='ocrx_word' id='word_1_275' title='bbox 500 3246 640 3313; x_wconf 79' lang='lat' dir='ltr'><strong>aduletur,</strong></span> <span class='ocrx_word' id='word_1_276' title='bbox 654 3253 740 3319; x_wconf 89' lang='lat' dir='ltr'><strong>teque</strong></span> <span class='ocrx_word' id='word_1_277' title='bbox 753 3244 888 3321; x_wconf 85' lang='lat' dir='ltr'><strong>decipiat,</strong></span> <span class='ocrx_word' id='word_1_278' title='bbox 908 3246 1048 3304; x_wconf 85' lang='lat' dir='ltr'><strong>delectare</strong></span> <span class='ocrx_word' id='word_1_279' title='bbox 1059 3265 1068 3303; x_wconf 83' lang='grc' dir='ltr'><strong>ι</strong></span> <span class='ocrx_word' id='word_1_280' title='bbox 1090 3251 1150 3303; x_wconf 89' lang='lat' dir='ltr'><strong>tum</strong></span> <span class='ocrx_word' id='word_1_281' title='bbox 1163 3248 1247 3305; x_wconf 86' lang='lat' dir='ltr'><strong>etiam</strong></span> <span class='ocrx_word' id='word_1_282' title='bbox 1259 3256 1356 3306; x_wconf 86' lang='lat' dir='ltr'><strong>orato.</strong></span> 
     </span>
     <span class='ocr_line' id='line_1_37' title="bbox 271 3325 1353 3403; baseline 0.001 -17"><span class='ocrx_word' id='word_1_283' title='bbox 271 3343 333 3386; x_wconf 78' lang='lat' dir='ltr'><strong>rem</strong></span> <span class='ocrx_word' id='word_1_284' title='bbox 356 3343 466 3401; x_wconf 85' lang='lat' dir='ltr'><strong>semper</strong></span> <span class='ocrx_word' id='word_1_285' title='bbox 489 3336 539 3383; x_wconf 87' lang='lat' dir='ltr'><strong>ore</strong></span> <span class='ocrx_word' id='word_1_286' title='bbox 556 3325 654 3385; x_wconf 85' lang='lat' dir='ltr'><strong>hiante</strong></span> <span class='ocrx_word' id='word_1_287' title='bbox 673 3332 806 3403; x_wconf 72' lang='lat' dir='ltr'><strong>speciose</strong></span> <span class='ocrx_word' id='word_1_288' title='bbox 822 3344 901 3385; x_wconf 89' lang='lat' dir='ltr'><strong>meus</strong></span> <span class='ocrx_word' id='word_1_289' title='bbox 919 3334 1012 3385; x_wconf 81' lang='lat' dir='ltr'><strong>autem</strong></span> <span class='ocrx_word' id='word_1_290' title='bbox 1034 3334 1085 3383; x_wconf 84' lang='lat' dir='ltr'><strong>tue</strong></span> <span class='ocrx_word' id='word_1_291' title='bbox 1103 3346 1228 3401; x_wconf 68' lang='lat' dir='ltr'><strong>praeseus</strong></span> <span class='ocrx_word' id='word_1_292' title='bbox 1246 3326 1287 3386; x_wconf 80' lang='lat' dir='ltr'><strong>e&#39;st</strong></span> <span class='ocrx_word' id='word_1_293' title='bbox 1303 3329 1353 3387; x_wconf 73' lang='lat' dir='ltr'><strong>ab·</strong></span> 
     </span>
     <span class='ocr_line' id='line_1_38' title="bbox 270 3426 346 3469; baseline -0.066 0"><span class='ocrx_word' id='word_1_294' title='bbox 270 3426 346 3469; x_wconf 87' lang='lat' dir='ltr'><strong>sens.</strong></span> 
     </span>
    </p>

    <p class='ocr_par' dir='ltr' id='par_1_18' title="bbox 315 3485 1352 3564">
     <span class='ocr_line' id='line_1_39' title="bbox 315 3485 1352 3564; baseline 0.002 -17"><span class='ocrx_word' id='word_1_295' title='bbox 315 3485 415 3547; x_wconf 83' lang='lat' dir='ltr'><strong>DEM.</strong></span> <span class='ocrx_word' id='word_1_296' title='bbox 436 3488 522 3548; x_wconf 86' lang='lat' dir='ltr'><strong>Meus</strong></span> <span class='ocrx_word' id='word_1_297' title='bbox 535 3507 594 3546; x_wconf 92' lang='lat' dir='ltr'><strong>unu</strong></span> <span class='ocrx_word' id='word_1_298' title='bbox 608 3488 682 3547; x_wconf 87' lang='lat' dir='ltr'><strong>inest</strong></span> <span class='ocrx_word' id='word_1_299' title='bbox 694 3489 781 3547; x_wconf 88' lang='lat' dir='ltr'><strong>comis</strong></span> <span class='ocrx_word' id='word_1_300' title='bbox 793 3489 905 3563; x_wconf 81' lang='lat' dir='ltr'><strong>restris,</strong></span> <span class='ocrx_word' id='word_1_301' title='bbox 917 3488 940 3545; x_wconf 92' lang='lat' dir='ltr'><strong>si</strong></span> <span class='ocrx_word' id='word_1_302' title='bbox 951 3506 998 3545; x_wconf 90' lang='lat' dir='ltr'><strong>me</strong></span> <span class='ocrx_word' id='word_1_303' title='bbox 1015 3487 1092 3545; x_wconf 85' lang='lat' dir='ltr'><strong>haud</strong></span> <span class='ocrx_word' id='word_1_304' title='bbox 1105 3506 1206 3564; x_wconf 82' lang='lat' dir='ltr'><strong>sapere</strong></span> <span class='ocrx_word' id='word_1_305' title='bbox 1218 3489 1352 3549; x_wconf 81' lang='lat' dir='ltr'><strong>existima-</strong></span> 
     </span>
    </p>

    <p class='ocr_par' dir='ltr' id='par_1_19' title="bbox 270 3568 1352 3808">
     <span class='ocr_line' id='line_1_40' title="bbox 270 3568 1351 3645; baseline 0.001 -17"><span class='ocrx_word' id='word_1_306' title='bbox 270 3570 319 3629; x_wconf 83' lang='lat' dir='ltr'><strong>tis.</strong></span> <span class='ocrx_word' id='word_1_307' title='bbox 342 3572 385 3627; x_wconf 81' lang='lat' dir='ltr'><strong>At</strong></span> <span class='ocrx_word' id='word_1_308' title='bbox 394 3588 448 3645; x_wconf 79' lang='lat' dir='ltr'><strong>ego</strong></span> <span class='ocrx_word' id='word_1_309' title='bbox 462 3570 502 3627; x_wconf 90' lang='lat' dir='ltr'><strong>sic</strong></span> <span class='ocrx_word' id='word_1_310' title='bbox 515 3569 625 3644; x_wconf 85' lang='lat' dir='ltr'><strong>desipio</strong></span> <span class='ocrx_word' id='word_1_311' title='bbox 638 3571 728 3629; x_wconf 86' lang='lat' dir='ltr'><strong>nitro.</strong></span> <span class='ocrx_word' id='word_1_312' title='bbox 746 3568 821 3628; x_wconf 84' lang='lat' dir='ltr'><strong>Nam</strong></span> <span class='ocrx_word' id='word_1_313' title='bbox 834 3570 888 3645; x_wconf 89' lang='lat' dir='ltr'><strong>ipsi</strong></span> <span class='ocrx_word' id='word_1_314' title='bbox 901 3568 970 3625; x_wconf 92' lang='lat' dir='ltr'><strong>mihi</strong></span> <span class='ocrx_word' id='word_1_315' title='bbox 981 3569 1117 3643; x_wconf 74' lang='lat' dir='ltr'><strong>voluptas</strong></span> <span class='ocrx_word' id='word_1_316' title='bbox 1129 3576 1174 3627; x_wconf 89' lang='lat' dir='ltr'><strong>est</strong></span> <span class='ocrx_word' id='word_1_317' title='bbox 1187 3572 1306 3644; x_wconf 86' lang='lat' dir='ltr'><strong>potitare</strong></span> <span class='ocrx_word' id='word_1_318' title='bbox 1321 3573 1351 3629; x_wconf 91' lang='lat' dir='ltr'><strong>iu</strong></span> 
     </span>
     <span class='ocr_line' id='line_1_41' title="bbox 273 3649 1352 3728; baseline 0.003 -20"><span class='ocrx_word' id='word_1_319' title='bbox 273 3652 353 3723; x_wconf 83' lang='lat' dir='ltr'><strong>dies3</strong></span> <span class='ocrx_word' id='word_1_320' title='bbox 374 3657 404 3707; x_wconf 86' lang='lat' dir='ltr'><strong>et</strong></span> <span class='ocrx_word' id='word_1_321' title='bbox 418 3668 506 3708; x_wconf 89' lang='lat' dir='ltr'><strong>uuum</strong></span> <span class='ocrx_word' id='word_1_322' title='bbox 527 3652 603 3727; x_wconf 82' lang='lat' dir='ltr'><strong>alere</strong></span> <span class='ocrx_word' id='word_1_323' title='bbox 616 3652 684 3709; x_wconf 85' lang='lat' dir='ltr'><strong>volo</strong></span> <span class='ocrx_word' id='word_1_324' title='bbox 701 3651 829 3709; x_wconf 87' lang='lat' dir='ltr'><strong>furacem</strong></span> <span class='ocrx_word' id='word_1_325' title='bbox 847 3649 1016 3725; x_wconf 76' lang='lat' dir='ltr'><strong>praesideme</strong></span> <span class='ocrx_word' id='word_1_326' title='bbox 1037 3650 1230 3728; x_wconf 71' lang='lat' dir='ltr'><strong>humentem,</strong></span> <span class='ocrx_word' id='word_1_327' title='bbox 1244 3654 1352 3725; x_wconf 82' lang='lat' dir='ltr'><strong>quaudo</strong></span> 
     </span>
     <span class='ocr_line' id='line_1_42' title="bbox 273 3732 891 3808; baseline 0.002 -19"><span class='ocrx_word' id='word_1_328' title='bbox 273 3732 405 3808; x_wconf 86' lang='lat' dir='ltr'><strong>oppletus</strong></span> <span class='ocrx_word' id='word_1_329' title='bbox 417 3737 471 3803; x_wconf 86' lang='lat' dir='ltr'><strong>est,</strong></span> <span class='ocrx_word' id='word_1_330' title='bbox 486 3732 625 3789; x_wconf 86' lang='lat' dir='ltr'><strong>sublatum</strong></span> <span class='ocrx_word' id='word_1_331' title='bbox 639 3736 789 3807; x_wconf 84' lang='lat' dir='ltr'><strong>percutere</strong></span> <span class='ocrx_word' id='word_1_332' title='bbox 800 3734 891 3791; x_wconf 90' lang='lat' dir='ltr'><strong>soleo.</strong></span> 
     </span>
    </p>

    <p class='ocr_par' dir='ltr' id='par_1_20' title="bbox 313 3810 1352 3888">
     <span class='ocr_line' id='line_1_43' title="bbox 313 3810 1352 3888; baseline 0.001 -19"><span class='ocrx_word' id='word_1_333' title='bbox 313 3810 433 3871; x_wconf 87' lang='lat' dir='ltr'><strong>CHOR.</strong></span> <span class='ocrx_word' id='word_1_334' title='bbox 456 3810 547 3869; x_wconf 83' lang='lat' dir='ltr'><strong>Recte</strong></span> <span class='ocrx_word' id='word_1_335' title='bbox 556 3812 666 3887; x_wconf 86' lang='lat' dir='ltr'><strong>quidem</strong></span> <span class='ocrx_word' id='word_1_336' title='bbox 681 3812 722 3870; x_wconf 91' lang='lat' dir='ltr'><strong>sic</strong></span> <span class='ocrx_word' id='word_1_337' title='bbox 731 3812 843 3888; x_wconf 83' lang='lat' dir='ltr'><strong>feceris,</strong></span> <span class='ocrx_word' id='word_1_338' title='bbox 856 3815 881 3872; x_wconf 88' lang='lat' dir='ltr'><strong>si</strong></span> <span class='ocrx_word' id='word_1_339' title='bbox 896 3811 960 3885; x_wconf 89' lang='lat' dir='ltr'><strong>tibi,</strong></span> <span class='ocrx_word' id='word_1_340' title='bbox 975 3815 1010 3869; x_wconf 90' lang='lat' dir='ltr'><strong>ut</strong></span> <span class='ocrx_word' id='word_1_341' title='bbox 1023 3810 1104 3886; x_wconf 88' lang='lat' dir='ltr'><strong>dicis,</strong></span> <span class='ocrx_word' id='word_1_342' title='bbox 1120 3812 1268 3885; x_wconf 87' lang='lat' dir='ltr'><strong>prudentia</strong></span> <span class='ocrx_word' id='word_1_343' title='bbox 1281 3811 1352 3870; x_wconf 84' lang='lat' dir='ltr'><strong>inest</strong></span> 
     </span>
    </p>

    <p class='ocr_par' dir='ltr' id='par_1_21' title="bbox 272 3893 1420 4129">
     <span class='ocr_line' id='line_1_44' title="bbox 272 3893 1349 3968; baseline 0 -17"><span class='ocrx_word' id='word_1_344' title='bbox 272 3894 303 3951; x_wconf 93' lang='lat' dir='ltr'><strong>iu</strong></span> <span class='ocrx_word' id='word_1_345' title='bbox 314 3894 370 3951; x_wconf 89' lang='lat' dir='ltr'><strong>isto</strong></span> <span class='ocrx_word' id='word_1_346' title='bbox 381 3911 459 3951; x_wconf 92' lang='lat' dir='ltr'><strong>more</strong></span> <span class='ocrx_word' id='word_1_347' title='bbox 476 3898 534 3949; x_wconf 85' lang='lat' dir='ltr'><strong>tam</strong></span> <span class='ocrx_word' id='word_1_348' title='bbox 548 3895 655 3951; x_wconf 85' lang='lat' dir='ltr'><strong>multa:</strong></span> <span class='ocrx_word' id='word_1_349' title='bbox 679 3894 703 3950; x_wconf 89' lang='lat' dir='ltr'><strong>si</strong></span> <span class='ocrx_word' id='word_1_350' title='bbox 714 3894 767 3953; x_wconf 90' lang='lat' dir='ltr'><strong>hoa</strong></span> <span class='ocrx_word' id='word_1_351' title='bbox 778 3895 846 3951; x_wconf 86' lang='lat' dir='ltr'><strong>data</strong></span> <span class='ocrx_word' id='word_1_352' title='bbox 862 3911 962 3968; x_wconf 84' lang='lat' dir='ltr'><strong>opere,</strong></span> <span class='ocrx_word' id='word_1_353' title='bbox 976 3897 1112 3964; x_wconf 89' lang='lat' dir='ltr'><strong>tauquam</strong></span> <span class='ocrx_word' id='word_1_354' title='bbox 1130 3893 1257 3966; x_wconf 85' lang='lat' dir='ltr'><strong>publicas</strong></span> <span class='ocrx_word' id='word_1_355' title='bbox 1272 3894 1349 3951; x_wconf 82' lang='lat' dir='ltr'><strong>ricti-</strong></span> 
     </span>
     <span class='ocr_line' id='line_1_45' title="bbox 273 3972 1420 4050; baseline 0.003 -20"><span class='ocrx_word' id='word_1_356' title='bbox 273 3990 345 4047; x_wconf 85' lang='lat' dir='ltr'><strong>mas‚</strong></span> <span class='ocrx_word' id='word_1_357' title='bbox 370 3975 420 4030; x_wconf 87' lang='lat' dir='ltr'><strong>aiis</strong></span> <span class='ocrx_word' id='word_1_358' title='bbox 439 3975 469 4031; x_wconf 94' lang='lat' dir='ltr'><strong>iu</strong></span> <span class='ocrx_word' id='word_1_359' title='bbox 488 3972 603 4050; x_wconf 81' lang='lat' dir='ltr'><strong>Puyce:</strong></span> <span class='ocrx_word' id='word_1_360' title='bbox 625 3974 727 4033; x_wconf 87' lang='lat' dir='ltr'><strong>deiude</strong></span> <span class='ocrx_word' id='word_1_361' title='bbox 751 3976 890 4048; x_wconf 86' lang='lat' dir='ltr'><strong>siquando</strong></span> <span class='ocrx_word' id='word_1_362' title='bbox 909 3976 962 4032; x_wconf 90' lang='lat' dir='ltr'><strong>tibi</strong></span> <span class='ocrx_word' id='word_1_363' title='bbox 981 3975 1052 4031; x_wconf 80' lang='lat' dir='ltr'><strong>desit</strong></span> <span class='ocrx_word' id='word_1_364' title='bbox 1073 3973 1235 4050; x_wconf 86' lang='lat' dir='ltr'><strong>obsonium,</strong></span> <span class='ocrx_word' id='word_1_365' title='bbox 1254 3975 1349 4033; x_wconf 93' lang='lat' dir='ltr'><strong>horum</strong></span> <span class='ocrx_word' id='word_1_366' title='bbox 1419 4024 1420 4039; x_wconf 66' lang='grc'>,</span> 
     </span>
     <span class='ocr_line' id='line_1_46' title="bbox 272 4052 1043 4129; baseline 0.005 -19"><span class='ocrx_word' id='word_1_367' title='bbox 272 4052 395 4125; x_wconf 79' lang='lat' dir='ltr'><strong>aliquem</strong></span> <span class='ocrx_word' id='word_1_368' title='bbox 408 4054 579 4129; x_wconf 85' lang='lat' dir='ltr'><strong>quipiuguis</strong></span> <span class='ocrx_word' id='word_1_369' title='bbox 592 4055 638 4125; x_wconf 86' lang='lat' dir='ltr'><strong>sit,</strong></span> <span class='ocrx_word' id='word_1_370' title='bbox 650 4061 758 4113; x_wconf 86' lang='lat' dir='ltr'><strong>mactas</strong></span> <span class='ocrx_word' id='word_1_371' title='bbox 769 4064 799 4113; x_wconf 90' lang='lat' dir='ltr'><strong>et</strong></span> <span class='ocrx_word' id='word_1_372' title='bbox 810 4057 942 4115; x_wconf 87' lang='lat' dir='ltr'><strong>comedis.</strong></span> <span class='ocrx_word' id='word_1_373' title='bbox 1036 4056 1043 4075; x_wconf 61' lang='lat'><strong>‘⁴</strong></span> 
     </span>
    </p>

    <p class='ocr_par' dir='ltr' id='par_1_22' title="bbox 314 4130 1345 4211">
     <span class='ocr_line' id='line_1_47' title="bbox 314 4130 1345 4211; baseline 0 -21"><span class='ocrx_word' id='word_1_374' title='bbox 314 4130 412 4191; x_wconf 83' lang='lat' dir='ltr'><strong>DEM.</strong></span> <span class='ocrx_word' id='word_1_375' title='bbox 434 4133 577 4209; x_wconf 84' lang='lat' dir='ltr'><strong>Spectate,</strong></span> <span class='ocrx_word' id='word_1_376' title='bbox 591 4154 627 4193; x_wconf 85' lang='lat' dir='ltr'><strong>eu</strong></span> <span class='ocrx_word' id='word_1_377' title='bbox 642 4137 743 4194; x_wconf 87' lang='lat' dir='ltr'><strong>cailide</strong></span> <span class='ocrx_word' id='word_1_378' title='bbox 754 4135 825 4194; x_wconf 87' lang='lat' dir='ltr'><strong>istos</strong></span> <span class='ocrx_word' id='word_1_379' title='bbox 836 4136 1067 4209; x_wconf 77' lang='lat' dir='ltr'><strong>circumveniam,</strong></span> <span class='ocrx_word' id='word_1_380' title='bbox 1082 4134 1131 4209; x_wconf 90' lang='lat' dir='ltr'><strong>qni</strong></span> <span class='ocrx_word' id='word_1_381' title='bbox 1147 4153 1178 4193; x_wconf 93' lang='lat' dir='ltr'><strong>se</strong></span> <span class='ocrx_word' id='word_1_382' title='bbox 1191 4145 1284 4209; x_wconf 80' lang='lat' dir='ltr'><strong>sapere</strong></span> <span class='ocrx_word' id='word_1_383' title='bbox 1298 4154 1345 4211; x_wconf 87' lang='lat' dir='ltr'><strong>pu.</strong></span> 
     </span>
    </p>
   </div>
   <div class='ocr_carea' id='block_1_3' title="bbox 272 4215 1420 4309">
    <p class='ocr_par' dir='ltr' id='par_1_23' title="bbox 272 4215 1420 4309">
     <span class='ocr_line' id='line_1_48' title="bbox 272 4215 1420 4309; baseline 0.001 -36"><span class='ocrx_word' id='word_1_384' title='bbox 272 4219 348 4292; x_wconf 87' lang='lat' dir='ltr'><strong>taut,</strong></span> <span class='ocrx_word' id='word_1_385' title='bbox 361 4220 391 4275; x_wconf 88' lang='lat' dir='ltr'><strong>et</strong></span> <span class='ocrx_word' id='word_1_386' title='bbox 403 4232 448 4273; x_wconf 93' lang='lat' dir='ltr'><strong>me</strong></span> <span class='ocrx_word' id='word_1_387' title='bbox 457 4215 564 4277; x_wconf 80' lang='lat' dir='ltr'><strong>fellere.</strong></span> <span class='ocrx_word' id='word_1_388' title='bbox 603 4215 721 4295; x_wconf 85' lang='lat' dir='ltr'><strong>Quippe</strong></span> <span class='ocrx_word' id='word_1_389' title='bbox 734 4219 811 4295; x_wconf 87' lang='lat' dir='ltr'><strong>ipsos</strong></span> <span class='ocrx_word' id='word_1_390' title='bbox 824 4234 934 4294; x_wconf 78' lang='lat' dir='ltr'><strong>semper</strong></span> <span class='ocrx_word' id='word_1_391' title='bbox 949 4220 1086 4297; x_wconf 72' lang='lat' dir='ltr'><strong>observo,</strong></span> <span class='ocrx_word' id='word_1_392' title='bbox 1099 4217 1345 4291; x_wconf 82' lang='lat' dir='ltr'><strong>eos,qnnmforau.</strong></span> <span class='ocrx_word' id='word_1_393' title='bbox 1417 4278 1420 4309; x_wconf 67' lang='lat' dir='ltr'><strong>r</strong></span> 
     </span>
    </p>
   </div>
   <div class='ocr_carea' id='block_1_4' title="bbox 0 0 1443 4984">
    <p class='ocr_par' dir='ltr' id='par_1_24' title="bbox 0 0 1443 4984">
     <span class='ocr_line' id='line_1_49' title="bbox 0 0 1443 4984; baseline 0 0"><span class='ocrx_word' id='word_1_394' title='bbox 0 0 1443 4984; x_wconf 95' lang='lat' dir='ltr'><strong> </strong></span> 
     </span>
    </p>
   </div>
  </div>
 </body>
</html>
