2875 4984
481 322 724 399 bouniis.
944 382 948 391 ,
1085 328 1172 401 m'

26 453 34 468 ι
86 485 141 547 Is.
165 484 281 546 Scilicet
290 484 455 547 iortooatos
466 506 530 563 cro,
542 490 567 548 si
578 489 679 547 susus
692 486 781 547 flami

87 564 203 627 DEM.
226 566 319 627 Immo
343 570 511 629 haecomnia
531 590 584 645 per
598 576 775 629 comeant.
816 566 843 627 F
844 569 883 629 ios
894 570 980 649 enim,
995 576 1144 637 alueos.

41 649 109 707 lum
123 650 189 707 hoc
203 651 351 723 praedicat,
362 652 406 709 sir
418 653 566 709 maximos.

85 728 139 788 ls.
165 728 222 789 Dic
233 731 312 804 milri,
326 732 471 803 quomodo
481 751 548 808 ego,
561 733 612 807 qui
624 732 761 791 isiciarios
773 750 847 807 rum,
863 732 907 789 vir
920 731 1007 791 liam?

88 794 203 868 DEM.
224 810 274 870 Ob
285 812 316 868 id
328 814 419 887 ipsum
431 815 506 871 onim
520 814 570 875 fiee
585 832 718 898 magona·
728 814 796 888 quia
816 814 905 871 molus
926 831 968 889 os,
978 821 1009 873 et
1030 832 1104 877 onor
1126 835 1144 877 ο

25 962 29 967 ‚
42 892 136 965 foro,
153 893 280 966 itemque
292 896 395 955 audax.

90 970 147 1029 IS.
171 970 328 1047 Indignum
341 994 386 1033 me
397 993 459 1035 esre
470 976 590 1051 deputo,
605 975 655 1049 qni
667 979 768 1047 potens
781 973 854 1031 adeo
866 972 941 1032 bom.

89 1050 203 1109 DEM.
225 1052 281 1112 ilci
293 1055 379 1113 mihi!
402 1057 472 1129 quid
496 1058 626 1130 estquod
647 1064 678 1113 tc
700 1054 845 1128 indignum
868 1054 1020 1113 autumari
1041 1056 1146 1115 rideris

42 1132 124 1190 mibi
141 1135 276 1207 praeclari
287 1136 433 1210 quidpiam
446 1137 499 1195 tibi
512 1137 649 1195 conscire.
690 1132 771 1193 Nom
791 1151 829 1193 ex
854 1135 935 1193 bouis
948 1143 979 1195 ot
1002 1138 1145 1213 probisse

46 1214 278 1369 prig'iffoio,
293 1312 346 1369 per
358 1296 426 1353 deos
438 1295 554 1371 adjuro,
567 1314 629 1353 som
643 1313 678 1353 cx
692 1296 783 1353 malie.

91 1372 204 1433 DEM.
224 1372 254 1434 0
267 1375 426 1451 fortunate,
440 1395 525 1450 quam
545 1394 678 1450 magnum
698 1382 832 1435 enatura
845 1374 930 1435 liobae
952 1374 1144 1450 adjumentum

372 1456 379 1496 r

46 1473 158 1593 mi?
168 1458 441 1611 &Emungam
453 1537 598 1594 liberalem
612 1535 772 1595 doctrinm
786 1534 888 1612 adtlgi,
903 1540 1095 1610 proterquom
1107 1535 1144 1597 li-

47 1617 146 1687 teras,
160 1620 401 1691 ncccosquidcm
412 1616 480 1675 satis
493 1617 624 1676 feliciter.
1115 1642 1117 1649 ·

92 1694 203 1756 DEM.
224 1696 413 1757 Hocuoicum
427 1699 480 1756 tibi
492 1698 590 1773 officit,
605 1698 680 1770 quod
696 1698 741 1757 rol
763 1698 836 1755 male
849 1698 945 1755 literas
966 1697 1030 1755 sois.
1070 1695 1143 1757 Re.

48 1778 186 1851 publicae
201 1780 275 1836 enim
287 1780 494 1846 administratio
507 1798 566 1837 nou
587 1779 700 1837 doctum
713 1780 835 1853 amplius
847 1779 985 1853 competit
998 1778 1029 1835 io
1051 1778 1144 1837 loomi-

48 1875 137 1939 uem,
151 1876 206 1915 nec
218 1860 291 1917 bene
303 1866 457 1933 moratum,
471 1860 562 1918 sedin
583 1861 679 1917 rudem
697 1866 728 1919 ct
739 1862 926 1919 sceleratumr
947 1866 980 1917 tu
1000 1876 1070 1918 roro
1082 1860 1144 1919 noli

48 1941 215 2014 negligere,
229 1957 294 2012 quae
308 1942 361 1997 tibi
373 1942 443 1998 daut
454 1942 484 1997 in
497 1940 635 1997 vaticiniis
643 1941 692 1997 dii.

94 2018 148 2076 IS.
169 2018 239 2087 Quo
252 2022 338 2077 modo
350 2023 447 2094 itaque
459 2020 530 2077 dicit
543 2021 711 2077 oraculum?

95 2096 204 2157 DEM.
226 2098 317 2175 Bene,
330 2103 371 2159 ita
385 2100 476 2159 medii
485 2106 592 2171 ament,
606 2102 748 2173 rurisque,
758 2094 1061 2173 etacitaambiguitote
1070 2117 1143 2161 coo·

51 2184 171 2239 textum
183 2186 236 2239 eat.
276 2178 435 2257 Sedprrum
454 2180 584 2242 masiliis
593 2179 789 2257 prehenderit
807 2181 939 2237 coriario
953 2180 1054 2257 aquilo
1067 2198 1142 2241 unco

52 2267 164 2318 rostro
173 2262 305 2337 prodito
317 2263 473 2322 draconem
487 2262 649 2337 stupidum,
657 2268 795 2339 potorem
809 2262 976 2335 sanguinis,
990 2278 1061 2319 rone
1074 2266 1143 2323 rosc

51 2336 291 2417 Paphlagonum
304 2345 418 2417 quidem
432 2346 531 2399 muria
545 2342 652 2399 ollioto
661 2344 795 2419 peribit:
814 2342 1023 2407 intestinorum
1042 2349 1143 2401 aorem

53 2423 267 2479 venditoribus
290 2439 428 2499 magnum
451 2423 522 2481 deser
536 2422 671 2498 largitur
690 2422 835 2499 gloriam,
849 2423 910 2481 nior·
932 2425 960 2481 ri
980 2422 1143 2485 muscast

50 2504 146 2560 isicio
158 2503 294 2561 conitere.

95 2582 148 2641 ls.
171 2580 323 2657 Quomodo
336 2600 406 2657 ergo
420 2580 481 2641 baec
494 2582 531 2640 ad
545 2600 589 2639 mo
603 2579 770 2655 pertinent?
791 2582 880 2639 edoce
892 2599 948 2639 me.

97 2661 204 2722 DEM.
225 2660 355 2721 Gorirria
366 2662 477 2736 quidem
491 2664 587 2735 aquila
599 2672 642 2718 ost
652 2658 800 2735 Paphlago
812 2662 875 2721 iate.

98 2740 149 2801 IS.
172 2741 251 2812 Quid
263 2763 332 2802 vero
345 2742 485 2819 significat
498 2762 570 2800 unco
588 2748 687 2798 rostro
697 2741 861 2818 prodito?

98 2820 203 2883 DEM.
226 2823 305 2883 Istuc
317 2825 480 2882 subindicat
494 2825 666 2881 carriacum
677 2820 807 2880 manibus
820 2840 921 2897 rapere
932 2825 962 2881 et
974 2820 1059 2882 icrrc.

98 2904 149 2963 IS.
171 2904 225 2963 Sed
238 2907 327 2963 draco
339 2923 476 2979 quorsum
492 2902 626 2979 spectati

99 2982 203 3043 DEM.
226 2983 421 3043 Plaoasimuu
435 2985 490 3043 hoc
502 2992 555 3044 est.
596 2982 696 3041 ilraco
708 2983 783 3041 onim
796 2989 839 3041 est
856 2985 969 3059 longum
990 2982 1141 3057 quiddam:

56 3066 173 3125 isicium
191 3066 288 3124 itidem
311 3067 448 3140 longum:
473 3066 575 3125 deinde
595 3063 740 3139 sanguinis
763 3072 850 3136 potor
867 3071 896 3122 ct
916 3065 1022 3123 isicium
1046 3059 1089 3123 e'ot
1112 3070 1145 3129 ot
1269 3078 1271 3083 ·

56 3151 162 3205 draco.
198 3145 302 3219 Itaque
315 3146 469 3205 diacouem
481 3148 522 3203 ait
534 3148 683 3204 coriorism
696 3147 819 3219 aquilam
830 3164 968 3220 suparare
974 3144 1033 3220 jam
1047 3158 1145 3221 possa,

56 3230 81 3286 si
98 3226 193 3283 verbis
207 3245 237 3283 se
249 3228 342 3299 decipi
359 3245 417 3283 non
431 3228 515 3285 sinat.

104 3306 153 3364 lu.
175 3304 246 3365 Huc
259 3308 371 3381 quiden
386 3308 520 3365 vaticinia
530 3326 577 3365 me
589 3312 712 3364 vocant:
735 3307 783 3367 sed
796 3306 886 3363 miror
898 3322 955 3379 qua
968 3308 1079 3366 radone
1090 3322 1143 3383 ap.

57 3396 110 3447 tus
124 3388 175 3446 sisu
189 3389 375 3461 procurandis
389 3389 490 3461 populi
501 3389 631 3463 negotiis.

104 3464 205 3524 DuM.
230 3468 283 3525 Res
297 3475 340 3524 est
351 3468 495 3526 facillima.
536 3468 592 3540 Ea,
605 3484 670 3540 quse
683 3484 760 3525 nunc
781 3466 862 3538 isole,
876 3464 959 3523 iace:
981 3466 1074 3534 turba,
1088 3464 1143 3523 im.

59 3548 153 3625 plico,
166 3556 199 3604 ut
211 3547 344 3607 intestina
355 3550 440 3617 solos,
453 3551 495 3607 ita
509 3566 552 3607 rm
565 3565 683 3617 omnes3
704 3550 841 3621 populum
863 3546 909 3603 iae
927 3554 1007 3603 tuum
1021 3562 1142 3617 tempu,
1225 3570 1226 3573 ¹

60 3630 190 3687 verbulis
204 3647 268 3687 conr
283 3630 445 3686 demulceus
460 3630 641 3701 coquinariis.
683 3627 788 3685 Cetera
812 3627 863 3683 tibi
881 3635 948 3685 sunt
970 3627 999 3683 in
1021 3626 1141 3697 muodo,

60 3710 166 3783 quibus
180 3712 319 3782 populum
330 3710 464 3767 concilies
479 3711 551 3767 tibi:
576 3729 633 3768 roa
653 3709 726 3781 dira,
741 3716 843 3765 natiue
864 3708 950 3767 natm
963 3723 1004 3778 es,
1019 3704 1142 3765 forensia

58 3809 112 3849 cs:
136 3790 221 3854 habes
235 3792 340 3864 omnia,
353 3791 457 3861 quibos
471 3808 536 3847 asos
549 3796 591 3847 est
602 3792 639 3847 ad
658 3792 861 3863 rempublicam
874 3784 1141 3847 administrandam

60 3872 181 3928 oracula
194 3872 376 3944 conveniunt,
390 3878 419 3927 et
431 3872 523 3943 ipsum
546 3868 706 3947 Pythicum.
749 3870 801 3927 Sed
821 3868 909 3942 capiti
929 3884 1066 3925 coronam
1088 3867 1146 3925 im..

61 3968 154 4026 pone,
169 3956 199 4006 et
210 3948 270 4006 liba
283 3948 430 4028 Coolproo,
443 3960 473 4009 ct
486 3950 561 4020 ride,
576 3960 609 4007 ut
620 3957 735 4007 strenue
747 3952 868 4007 obsistas
880 3948 988 4007 homini
999 3946 1056 4005 isit

106 4028 150 4085 IS.
173 4028 211 4085 Et
223 4031 287 4100 quis
299 4031 417 4106 adjutor
440 4029 595 4089 eritmibii
617 4049 682 4089 nam
704 4050 768 4089 cum
787 4037 817 4087 et
837 4030 935 4087 diriter
956 4032 1100 4103 metuunt,
1112 4032 1143 4087 ot

62 4111 145 4187 plebs
157 4109 295 4169 formidat
305 4113 490 4185 paupercula.

16 4262 20 4269 .
106 4188 206 4249 Didii.
227 4194 272 4251 At
292 4198 360 4252 suat
378 4191 498 4265 Equites
521 4190 610 4268 mute,
634 4189 688 4250 riri
709 4189 793 4267 boui,
807 4190 857 4261 noi
878 4190 1001 4253 otloruot
1020 4194 1142 4265 sumt
