2875 4984
501 340 743 417 EQUITES.
1104 351 1166 411 269

42 515 154 561 nune
171 496 301 568 ostende,
315 494 466 576 siquidem
489 502 560 559 olim
573 500 750 562 occultavisti
771 517 882 561 carnem
903 498 979 561 inter
1001 503 1115 578 femina,
1129 513 1163 579 nt

43 578 135 655 ipso
145 578 256 652 tatoris.
285 580 361 640 Nam
374 582 502 640 celeriter
511 585 682 644 currendum
692 585 743 641 tibi
751 584 807 641 erit
819 586 848 640 in
859 593 1005 643 senatum:
1023 584 1077 643 isto
1086 585 1161 645 enim

44 681 99 720 eo
119 664 236 732 irruens
249 682 302 721 nos
316 681 413 721 omnes
428 665 654 738 calumniabitur,
668 670 698 723 et
712 666 862 723 clamorem
878 667 970 724 tollet.

104 739 160 803 IS.
181 738 248 802 Jam
269 738 320 801 ibo
331 763 341 814 ;
364 744 414 803 sed
432 745 625 819 primumdum
639 746 811 804 ventriculos
833 748 996 820 cultrosque
1015 746 1102 805 hosce
1114 744 1163 805 bie

42 825 167 881 atatim
181 826 332 898 deponam.

103 903 238 963 CHOR.
261 905 341 979 Cape
364 906 451 964 modo
464 905 541 963 hunc
562 907 685 983 adipem,
698 908 728 965 et
749 924 785 965 eo
800 908 905 965 collum
929 906 981 967 tibi
993 906 1112 985 inunge,
1126 913 1161 967 ut

42 982 143 1042 elabi
158 988 248 1060 possis
262 1006 279 1043 e
291 986 449 1044 calumniis.

103 1062 158 1125 Is.
180 1064 274 1125 Recte
286 1072 417 1125 autumas
430 1071 506 1125 etex
520 1085 572 1124 usu
586 1066 735 1140 palestrae.

102 1144 235 1205 CHOR.
257 1146 336 1205 Tum
348 1150 433 1205 etiam
446 1149 514 1205 allia
527 1148 588 1206 haec
601 1167 680 1205 sume
691 1154 723 1206 et
734 1146 853 1223 degluti.

103 1225 158 1284 IS.
180 1224 259 1293 Quid
272 1228 337 1285 itai

100 1305 234 1401 tilioli.
257 1307 302 1367 Ut
325 1308 440 1385 lortius,
464 1308 609 1386 danice,
632 1328 738 1387 pugnes
763 1315 859 1386 pastus
883 1302 972 1383 allio;
1003 1313 1034 1367 et
1054 1304 1159 1369 tostius

45 1405 160 1446 ocsus.

104 1466 156 1525 15.
178 1461 322 1543 Hocago.

103 1546 235 1607 CHOR.
256 1548 405 1607 Memento
414 1545 475 1625 jam
496 1555 529 1607 nt
548 1549 688 1623 mordeas,
706 1557 880 1625 prosternas,
897 1559 925 1606 et
940 1543 1038 1607 cristas
1061 1546 1157 1621 rodae,

50 1635 92 1686 et
106 1635 143 1685 ut
165 1628 324 1704 palearibus
343 1632 487 1688 devoratis
506 1632 564 1689 huc
586 1634 693 1689 redeas.
735 1630 789 1689 Sed
812 1632 860 1688 abi
882 1632 974 1702 laetus,
989 1636 1019 1687 et
1040 1648 1098 1687 rem
1120 1646 1158 1689 ex

49 1711 154 1767 animi
175 1713 230 1768 mei
249 1712 387 1769 sententia
398 1730 485 1786 gere3
507 1718 536 1771 et
556 1721 585 1770 tc
606 1713 748 1770 custodiat
760 1710 876 1785 Jupiter
889 1708 1035 1781 Forensis,
1049 1712 1156 1767 victor.

50 1808 123 1863 que
137 1793 203 1847 inde
217 1808 313 1851 rursus
325 1792 433 1866 venias,
445 1794 525 1851 sertis
539 1811 715 1868 conspersus.
757 1791 821 1850 Vos
835 1801 928 1849 autem
944 1792 1093 1865 anapestis
1104 1808 1156 1849 no·

51 1874 135 1929 atris
148 1873 273 1929 animum
288 1874 438 1945 advertite,
453 1877 500 1947 qui
513 1877 690 1947 omnigenam
704 1873 866 1931 doctrinam
880 1872 992 1944 experti
1006 1874 1081 1929 estis.

104 1954 138 2010 Si
160 1959 286 2016 veterum
308 1954 447 2027 quispiam
468 1946 652 2011 Comicorum
675 1972 726 2011 nos
747 1954 859 2029 adigere
877 1948 1024 2021 uoluisset,
1039 1958 1071 2009 ut
1094 1969 1158 2009 cur.

52 2033 145 2089 mina
158 2033 221 2107 ejus
243 2034 387 2091 recitaturi
399 2034 428 2089 in
452 2035 592 2091 theatrum
617 2035 806 2108 prodiremus,
821 2033 895 2089 haud
920 2050 986 2089 sane
998 2032 1083 2089 facile
1095 2032 1124 2087 id
1137 2050 1157 2090 a

52 2115 152 2171 nohis
164 2113 341 2188 impetrasset
353 2134 362 2172 a
386 2132 464 2175 nuuc
476 2122 570 2172 antem
584 2110 685 2189 dignus
698 2121 742 2171 est
756 2116 841 2187 poeta
854 2115 944 2184 hicce,
956 2112 1038 2187 cujus
1047 2113 1076 2169 iu
1090 2130 1155 2187 gra-

54 2195 137 2249 tiam
151 2194 208 2252 hoc
221 2194 368 2266 iaciamus,
383 2196 450 2267 quia
463 2197 575 2253 eosdem
591 2198 739 2252 nobiseum
753 2198 824 2267 odit,
838 2199 868 2251 ct
880 2195 955 2269 quod
967 2194 1076 2267 justum
1089 2208 1154 2266 ceu.

54 2281 121 2346 set,
137 2294 196 2331 non
211 2282 326 2333 veretur
343 2272 449 2350 dicere,
464 2277 589 2349 tortique
610 2276 706 2352 animo
719 2276 742 2332 it
763 2272 863 2334 obvius
886 2268 992 2333 turbini
1004 2270 1033 2330 et
1055 2272 1154 2332 circio.

52 2353 152 2422 Quod
166 2360 259 2413 autem
276 2358 399 2415 vestrim
421 2358 502 2415 multi
514 2360 549 2414 ad
564 2359 656 2431 ipsum
669 2357 835 2415 accedentes
848 2356 996 2429 mirentur,
1011 2358 1043 2411 ut
1056 2354 1109 2429 ait,
1125 2360 1156 2413 et

58 2436 208 2510 rogitent,
225 2455 276 2493 cur
291 2451 349 2493 non
364 2438 471 2495 dudum
495 2437 613 2497 chorum
626 2440 739 2496 sibimet
761 2440 823 2512 ipse
846 2436 1024 2512 poposcerit,
1038 2431 1098 2509 ejus
1113 2437 1154 2493 rei

57 2535 178 2575 causam
193 2519 247 2574 nos'
256 2516 341 2591 jussit
354 2517 446 2575 verbis
459 2519 621 2577 edisserere.
664 2520 719 2576 Ait
733 2528 828 2575 autem
841 2536 870 2574 se
880 2530 939 2573 noo
952 2516 1093 2574 dementia
1104 2516 1154 2573 od·

54 2600 193 2668 ductum,
208 2604 240 2654 ut
252 2604 448 2668 cunctaretur,
460 2617 556 2655 verum
567 2598 644 2672 quod
658 2598 832 2656 existimaret
842 2603 931 2653 artem
945 2597 1080 2653 comicam
1095 2614 1154 2653 rem

55 2697 125 2735 esse
150 2679 274 2735 omnium
303 2678 512 2748 difficillimam
535 2693 599 2736 nam
621 2696 710 2750 quum
733 2679 815 2734 multi
835 2670 896 2751 jam
919 2694 981 2733 eam
1002 2675 1153 2751 tentarint,

56 2760 166 2833 paucis
188 2777 250 2815 eam
273 2760 317 2816 sui
330 2761 442 2833 copiam
465 2756 586 2817 fecisse:
609 2766 749 2833 praterea
771 2758 850 2830 quod
865 2760 987 2814 restrum
1009 2755 1155 2830 ingenium
1230 2804 1232 2808 .

41 2840 174 2896 -dudum
189 2846 382 2914 cognosceret,
397 2841 427 2895 in
440 2841 525 2898 horas
549 2838 696 2913 mutabile,
711 2844 876 2913 ueteresque
890 2835 1001 2911 poitas,
1017 2836 1096 2892 simul
1119 2852 1154 2891 ac

56 2927 284 2995 consenescunt,
307 2938 325 2977 a
346 2922 427 2978 vobis
449 2920 548 2981 deseri.
590 2912 687 2978 Primo
710 2918 821 2992 quidem
844 2935 902 2977 non
924 2918 1068 2991 ignorans,
1083 2914 1155 2989 quid
1244 2927 1247 2938 ”

54 3001 203 3063 evosisan
217 2998 358 3075 Magneti,
371 3020 456 3078 quom
468 3002 528 3076 jam
542 3009 714 3074 canesceret,
728 2998 777 3073 qui
790 3000 857 3056 licet
871 2999 973 3055 multas
987 2994 1122 3056 uictorias
1135 3014 1154 3053 a

56 3080 162 3137 choris
182 3080 408 3139 adversariorum
422 3084 587 3155 reportarit,
603 3083 764 3156 omnigenas
778 3097 860 3140 voces
883 3080 1007 3150 mittens,
1021 3075 1154 3153 psaltriae

56 3160 262 3234 introducens,
276 3181 352 3234 ares,
367 3158 477 3239 Lydos,
492 3176 602 3238 peenas,
612 3171 642 3221 et
665 3162 816 3220 batrachio
838 3156 937 3218 colore
957 3159 1058 3217 faciem
1078 3158 1154 3217 obli.

57 3260 146 3317 nens,
160 3258 219 3300 non
231 3243 398 3316 perdurarit
411 3251 524 3302 tamen:
547 3245 595 3303 sed
609 3240 683 3300 mala
694 3241 726 3300 in
740 3247 835 3313 atate,
850 3259 910 3299 non
923 3242 1038 3298 enimin
1049 3238 1153 3315 juren-

58 3329 142 3391 tute,
156 3322 265 3380 demum
278 3323 387 3399 ejectus
400 3331 453 3397 est,
466 3326 561 3382 senior
582 3322 689 3397 iactus,
703 3322 781 3397 quod
794 3320 865 3379 sales
878 3339 942 3378 eum
956 3322 1152 3379 deseruerant.

57 3401 177 3481 Deinde
190 3401 302 3461 Cratini
316 3408 493 3481 recordatus,
504 3408 551 3479 qui
560 3404 703 3479 qnondam
713 3406 804 3461 multa
815 3402 898 3459 tande
910 3402 1011 3473 fluens,
1027 3417 1079 3475 per
1092 3402 1154 3473 pls·

58 3500 119 3541 nos
132 3502 247 3558 campos
267 3485 375 3558 impetu
396 3486 552 3559 terebatur,
567 3493 598 3545 et
610 3484 753 3542 radicibus
767 3482 879 3541 evulsas
893 3480 1014 3539 vehebat
1027 3497 1151 3555 quercus

58 3569 95 3622 et
117 3564 260 3637 platanos,
275 3578 394 3637 suosque
414 3567 545 3624 funditus
566 3566 759 3624 adversariosz
783 3565 852 3636 quin
866 3566 896 3617 et
920 3576 1021 3619 canere
1034 3569 1105 3618 tnnc
1121 3560 1152 3617 in

59 3644 198 3701 convivio
210 3646 281 3702 nihil
294 3642 410 3719 licebat,
423 3653 612 3721 praeterquam
634 3647 689 3703 ista
702 3644 824 3716 Cratini,
839 3640 923 3701 Doro
931 3644 1052 3717 ficubus
1063 3640 1152 3717 pedes

60 3728 186 3799 ornato,
210 3736 241 3783 et
263 3724 360 3785 Fabri
377 3726 600 3801 ingeniosorum
624 3724 800 3804 hymnorum
810 3744 824 3796 ;
852 3722 924 3779 adeo
946 3722 994 3779 ille
1018 3722 1149 3777 florebat.

62 3804 121 3860 Sed
141 3822 221 3862 nunc
234 3824 322 3879 quum
338 3805 456 3864 rideatis
478 3808 559 3865 illum
579 3806 710 3878 delirare,
725 3822 782 3863 non
805 3801 985 3875 miseremini,
1000 3808 1151 3876 postquam

59 3884 165 3941 labant
178 3886 263 3958 clari,
277 3906 330 3946 nec
352 3895 467 3962 superat
478 3888 594 3954 chorda,
607 3888 761 3944 harmoniis
783 3883 1000 3941 fatiscentibus:
1023 3887 1053 3938 at
1066 3898 1152 3943 senex

65 3964 385 4041 obambulatdespectui
395 3969 520 4041 habitus,
530 3986 722 4040 coronamque
735 3967 841 4023 aridam
854 3982 964 4038 gerens,
980 3968 1011 4018 ut
1024 3958 1151 4035 Connus,

64 4045 114 4101 siti
128 4048 214 4118 perit,
225 4067 308 4121 quem
323 4049 441 4108 decebat
452 4053 492 4107 ob
501 4047 704 4107 uictoriasillas
717 4046 827 4120 priores
842 4046 940 4101 bibere
951 4046 979 4100 in
995 4040 1152 4119 Prytaneo,

65 4131 98 4181 et
110 4142 169 4184 non
182 4131 317 4201 tanquam
330 4132 495 4190 delirantem
508 4131 662 4206 contemni,
678 4147 774 4185 verum
794 4132 923 4201 spectare
937 4126 1009 4181 be'ne
1022 4131 1150 4196 unctum,

60 4206 105 4263 'ad
125 4204 217 4284 ipsum
230 4206 338 4269 Bacchi
360 4212 471 4289 signum
490 4213 642 4273 sedentem.
685 4208 786 4269 Crates
799 4206 866 4265 item
881 4223 948 4281 quas
961 4222 1018 4263 non
1034 4206 1088 4263 iras
1102 4222 1151 4273 se·
