2875 4984
218 451 221 461 Ι
265 379 341 445 Μ»
629 370 1020 437 sursuornsnm
1060 390 1062 397 v

284 535 385 599 ²808.
407 531 516 596 Noniae
533 530 565 594 iu
589 530 691 593 malam
712 528 772 594 re'ru
792 530 956 593 isoesselis?
987 548 1047 591 nou
1068 524 1206 594 ablullls?
1238 528 1369 612 permis·

269 622 394 681 &udices
487 623 491 634 ⁴

310 696 466 759 XANTH.
487 694 753 769 Elinimpusitoiu
763 697 855 771 iguem
866 694 1003 755 AEscbine
1014 696 1082 757 Selli
1095 694 1358 773 lilio,laoluruum.

271 781 390 839 Erumus
402 798 471 853 ergo
485 796 536 836 ros
548 778 676 834 abacturi
689 778 812 834 taudem.
1111 793 1116 797 ·
1364 816 1368 823 -
1408 829 1409 832 ,

312 858 429 921 BDEL.
450 858 503 916 Sed
518 859 656 915 mehercle
666 876 726 914 non
740 866 796 914 tom
810 856 894 916 facile
906 858 961 917 illis
975 856 1283 933 determinemus
1296 856 1357 917 ior·

271 947 301 1000 le
314 944 350 999 de
363 932 530 999 carminibus
545 937 679 995 Philoclis
691 940 887 996 comedissent.
1080 963 1084 975 ·
1325 942 1328 950 “

312 1022 437 1081 CHOR.
459 1022 565 1078 Annon
578 1037 646 1095 ergo
659 1021 722 1076 brec
742 1018 889 1077 manifesta
902 1024 970 1077 sunt
982 1020 1164 1095 pauperibus,
1178 1024 1214 1076 ui
1224 1019 1301 1077 clem
1313 1036 1359 1076 me

272 1097 452 1179 imprudente
471 1102 619 1159 insinuarit
639 1105 676 1158 se'
690 1096 842 1177 tyrannis?
864 1098 1001 1173 siquidem
1024 1105 1068 1175 ln,
1093 1100 1112 1158 d
1136 1102 1356 1176 improbissime,

272 1186 446 1257 superbique
457 1184 533 1240 illius
545 1185 672 1241 sectator
683 1182 826 1257 Amyniae,
841 1200 859 1239 a
872 1182 979 1256 legibus
992 1198 1044 1238 uos
1056 1196 1146 1254 arces,
1161 1198 1231 1253 quas
1247 1183 1357 1239 consti-

272 1267 330 1323 tuit
351 1272 448 1322 nostra
472 1264 581 1334 civitas,
595 1280 685 1335 neque
697 1278 809 1320 musam
833 1264 919 1319 ullam
941 1263 1128 1339 praetendens,
1141 1278 1235 1338 neque
1247 1263 1359 1321 oralio-

272 1363 337 1403 nem
351 1360 469 1415 comem,
484 1344 829 1417 quamobremsolnsipse
842 1342 1003 1401 domineris.
1069 1352 1072 1357 ‘
1407 1394 1408 1397 ,

312 1423 430 1483 BDEL.
453 1424 637 1483 Possemusue
659 1425 719 1482 siue
738 1441 830 1500 pugna
844 1432 874 1481 et
894 1433 980 1483 acuto
994 1424 1117 1484 clamore
1130 1441 1273 1482 sermones
1288 1440 1359 1483 cou·

270 1507 348 1565 ferre
360 1508 436 1570 iulet
446 1518 510 1579 uos,
525 1500 556 1564 et
568 1508 597 1561 iu
611 1502 729 1579 gratiam
743 1503 855 1562 redire?
1048 1502 1051 1509 '
1076 1522 1079 1531 ¹

313 1584 437 1645 CHOR.
459 1586 602 1644 'l'ecumne
615 1586 760 1643 conferam
783 1602 934 1659 sermones,
950 1583 969 1641 b
992 1586 1093 1659 populi
1107 1594 1183 1661 osor,
1200 1591 1229 1643 et
1241 1604 1358 1644 monae.

273 1668 343 1725 ebiae
357 1668 468 1743 cupide,
483 1673 513 1725 et
536 1662 682 1724 familiaris
690 1663 831 1740 Briseida,
847 1668 894 1740 qni
907 1674 998 1742 gestum
1020 1666 1160 1724 fimbriam
1180 1684 1197 1723 e
1210 1669 1315 1743 laeniis,
1328 1675 1358 1727 ct
1407 1700 1408 1733 1

271 1750 388 1806 barbam
402 1746 630 1805 intonsamalis?
1092 1764 1093 1769 ¹

313 1823 429 1886 BDEL.
451 1828 564 1901 Edepol
585 1844 629 1883 me
650 1828 738 1884 satius
750 1832 803 1902 est,
818 1833 851 1884 ut
865 1846 882 1885 a
896 1832 978 1901 patre
990 1846 1054 1885 meo
1065 1842 1185 1901 prorsus
1197 1828 1359 1903 abscedam,

272 1912 367 1983 polim
380 1926 461 1982 quam
473 1904 602 1979 qnotidie
615 1908 763 1967 conflicler
777 1924 840 1967 cum
855 1909 941 1965 taulis
953 1910 1042 1965 malis.

314 1988 438 2048 cflou.
461 1989 524 2047 Nec
537 1992 566 2047 in
587 1992 654 2063 apio
667 2006 720 2046 uec
732 1990 762 2045 iu
786 1996 853 2046 ruts
864 1995 932 2047 suut
943 1990 1036 2046 odbuc
1049 2006 1093 2047 res
1107 1990 1189 2047 istaer
1211 1989 1269 2048 boe
1280 1992 1357 2051 enim

273 2063 428 2129 inseremus
443 2072 603 2133 ‚vilissimum
618 2071 736 2128 verbum
745 2086 754 2127 e
764 2112 766 2117 -
776 2076 806 2127 ei
819 2071 1015 2142 nuncquidem
1030 2067 1100 2127 nibil
1113 2072 1192 2128 dolet
1205 2072 1278 2141 tibi3
1309 2074 1360 2131 sed

270 2152 390 2227 dolebit,
407 2171 491 2225 quum
514 2160 614 2210 uralor
635 2153 730 2209 eudem
755 2150 810 2209 isla
822 2154 851 2209 in
866 2159 895 2209 te
907 2152 1017 2227 ingeret
1029 2152 1158 2227 crimina,
1174 2151 1358 2227 conjuratos.

268 2240 399 2305 quoium
412 2233 536 2291 vocabit.
821 2230 823 2235 ’

311 2312 430 2369 BDEL.
452 2312 584 2373 Obsecro
598 2310 742 2385 perdens,
757 2312 860 2370 estisne
870 2328 923 2371 rus
936 2313 1001 2374 bine
1014 2312 1185 2371 discessuri?
1207 2312 1357 2391 dualiter,
1407 2334 1408 2341 ¹

272 2393 461 2450 coustitutum
476 2398 518 2449 est
531 2393 598 2448 mihi
612 2395 748 2465 vapulare
762 2411 850 2467 nsque
863 2401 892 2451 et
905 2396 1055 2452 verberare
1070 2400 1132 2451 tolo
1147 2395 1202 2452 die.

311 2472 439 2530 CHOR.
461 2469 617 2541 Nunquam
632 2474 773 2545 desistam,
787 2474 879 2531 donec
893 2476 989 2548 aliqua
1009 2490 1076 2550 pars
1089 2474 1144 2533 mei
1167 2476 1275 2550 reliqna
1287 2479 1356 2553 erit,

271 2554 388 2627 quando
404 2559 435 2609 tu
448 2552 483 2609 ed
496 2554 672 2630 tyrannidem
685 2554 801 2611 effecius
815 2552 899 2611 viam.
1241 2625 1243 2628 ἱ

312 2631 429 2691 BDEL.
451 2632 563 2707 Nempe
578 2636 673 2691 omnia
684 2654 735 2692 sus
751 2638 928 2709 tyrannidem
942 2642 972 2693 et
986 2636 1211 2711 conjurationem
1224 2640 1357 2695 nomina.

270 2713 318 2783 tu,
332 2715 390 2773 sire
402 2714 502 2789 majus,
515 2717 574 2772 sive
596 2717 658 2786 quis
668 2718 761 2772 minus
774 2717 879 2774 crimen
892 2717 978 2773 alicui
989 2718 1121 2792 intentet,
1136 2718 1219 2793 cujus
1232 2734 1283 2793 ego
1311 2726 1358 2798 ry-

270 2796 395 2853 rauuidis
416 2814 520 2852 nomeu
543 2794 747 2870 quinquaginta
767 2796 848 2854 aunis
876 2816 913 2855 ne
935 2799 1020 2854 semel
1040 2800 1148 2870 quidem
1181 2798 1357 2858 audiveram.

270 2874 325 2933 Sed
346 2894 423 2933 nunc
443 2879 532 2932 multo
546 2877 631 2932 vilior
643 2885 686 2935 est
707 2878 894 2950 salsamentis,
907 2878 978 2935 adeo
992 2884 1024 2935 ul
1037 2880 1112 2935 illius
1126 2895 1229 2936 nomen
1241 2878 1300 2953 jam
1326 2882 1357 2938 in

268 2956 339 3014 foro
357 2957 452 3014 eliam
465 2956 689 3013 circumferatur.
730 2957 809 3017 Nam
831 2959 926 3032 siquis
944 2962 1151 3033 ematuorphos,
1164 2961 1237 3019 nolit
1258 2966 1358 3019 autern

269 3036 457 3106 memhradas,
479 3038 557 3092 illico
579 3034 649 3094 dicit
669 3038 727 3107 ille,
753 3040 798 3111 qui
821 3041 850 3095 in
880 3038 1013 3113 proximo
1037 3043 1135 3097 rendit
1155 3042 1355 3099 membradas:

270 3114 331 3173 Iste
345 3110 561 3174 removeretur
579 3121 726 3175 obsonare
740 3120 780 3175 ud
787 3120 987 3195 tyrannidem.
1029 3120 1058 3178 Si
1080 3122 1143 3193 quis
1166 3128 1259 3177 autern
1283 3141 1359 3195 por.

270 3214 335 3252 rum
348 3201 429 3267 pelei
441 3197 478 3252 nd
497 3195 667 3255 condiendas
680 3216 779 3273 apuas,
792 3202 899 3257 olerum
915 3200 1056 3257 venditrix
1070 3202 1143 3258 limis
1163 3204 1274 3259 intuens
1283 3204 1361 3261 dicit

269 3277 334 3332 illi:
357 3274 489 3355 Burrum
497 3280 598 3353 petie:
619 3279 664 3336 dic
676 3280 758 3352 mibi,
773 3298 842 3337 uum
850 3298 945 3357 purus
958 3284 1174 3357 tyrannidem?
1203 3300 1242 3339 un
1258 3292 1358 3361 putus

271 3358 333 3416 ribi
345 3356 480 3414 Alienus
493 3358 680 3417 condimenta
693 3362 805 3417 tribuli
813 3364 1006 3437 isslurferrc
1014 3362 1034 3419 ‚2

313 3434 476 3496 anTH.
498 3436 550 3494 Me
563 3457 677 3512 quoque
689 3447 829 3516 scortum,
846 3459 929 3514 quum
953 3443 1014 3499 beri
1038 3443 1152 3501 meridie
1175 3442 1211 3500 ad
1225 3443 1297 3499 illud
1313 3446 1360 3500 iu.

270 3522 381 3590 gressus
394 3534 493 3591 essem,
509 3520 575 3591 quia
582 3518 729 3593 jubebam,
745 3528 778 3577 ut
791 3524 923 3595 supinum
937 3524 1057 3597 agitaret
1069 3524 1297 3597 equum5iralmn
1313 3528 1358 3582 in.

269 3599 440 3674 terrogavit,
457 3618 496 3655 un
510 3598 633 3677 Hippius
648 3602 834 3676 tyrannidem
846 3604 1031 3661 constituam.
1119 3638 1120 3641 =

308 3676 426 3739 BDEL.
449 3678 520 3736 Haec
533 3682 609 3736 euim
621 3681 790 3740 istisauditu
801 3682 949 3755 jucunda:
971 3692 1001 3741 et
1017 3702 1094 3741 nunc
1107 3702 1174 3759 ego,
1187 3685 1255 3756 quia
1266 3688 1356 3764 volo,

268 3764 300 3814 ut
313 3767 397 3831 puter
410 3778 499 3831 maus,
515 3760 558 3818 bis
570 3761 675 3817 relictis
696 3765 836 3837 moribus,
850 3766 943 3838 primo
958 3782 1040 3822 ruane
1054 3766 1140 3822 domo
1154 3784 1212 3823 nou
1225 3768 1358 3839 egredia.

267 3843 329 3912 lus,
345 3841 537 3897 delationibus
567 3848 597 3896 et
609 3842 708 3898 litibus
722 3844 820 3911 misere
834 3851 998 3918 vacaturus,
1014 3846 1162 3903 sedvilam
1176 3849 1242 3921 agai
1256 3849 1357 3920 splen·

265 3917 371 3990 didam,
384 3920 428 3976 uli
452 3919 624 3999 bioryehus,
638 3922 787 3983 insimulor
799 3924 855 3981 istu
866 3926 961 3983 facere
974 3944 1011 3983 ox
1024 3924 1237 4001 conjuratione,
1251 3933 1356 4004 tyran

264 3998 395 4069 nidisque
406 4001 511 4057 studio.

305 4075 412 4136 PHlL.
435 4078 503 4137 Tuo
514 4082 623 4154 quidem
647 4082 742 4140 hercle
762 4084 885 4144 merito:
908 4104 1029 4159 namque
1049 4106 1102 4164 ego
1116 4086 1356 4164 reigelliuarum

264 4158 311 4215 lac
322 4154 404 4215 nibili
419 4159 530 4217 >seciam
552 4178 616 4235 pras
633 4164 688 4221 ists
699 4166 812 4223 risendi
825 4168 948 4240 ratione,
963 4185 1050 4240 aqua
1063 4188 1109 4227 me
1119 4181 1198 4227 uuuc
1212 4169 1354 4227 abducere

264 4242 386 4315 satagis:
409 4257 502 4311 neque
519 4243 804 4319 delectaminum
821 4248 973 4322 anguillis3
995 4250 1043 4309 sed
1066 4251 1203 4319 libentius¹
1222 4252 1353 4311 comede-

262 4336 322 4379 rem
334 4321 473 4381 liliculam
484 4322 618 4383 ninnium
630 4325 660 4385 iu
673 4325 773 4403 paline
782 4328 960 4387 suffocalam.
