2875 4984
563 390 673 457 PAX·
1098 402 1158 462 823

81 540 228 603 CHOR.
256 540 411 605 Festinato
422 562 503 623 ergo,
515 547 583 607 dum
595 552 692 611 divino
709 552 793 627 jussu
805 550 942 626 impetum
956 554 1071 614 cohibet
1083 574 1157 617 con.

41 640 126 683 versa
141 626 221 683 belli
236 644 329 683 aura.
370 626 457 685 Nunc
467 631 542 686 enim
555 630 633 690 Deus
647 635 739 707 palam
751 652 795 690 res
809 635 839 690 iu
852 637 951 692 melius
964 636 1061 695 refert.

83 702 234 763 TRYG.
262 706 431 765 Conistrum
445 710 535 783 adest,
550 714 595 768 cui
608 716 683 771 mola
696 717 769 771 salus
781 716 864 786 inest,
878 724 907 772 et
919 734 1038 787 corona,
1053 728 1082 775 et
1095 721 1157 776 cul.

43 790 108 843 ter:
135 804 215 845 ecoe
226 789 436 863 adsurgam,
448 808 511 859 uec,
528 802 631 863 preter
642 812 735 867 orem,
752 797 834 851 nobis
847 799 992 867 quicquum
1002 814 1088 855 ruore
1101 809 1156 858 est.

86 865 231 925 CHOR.
258 866 369 926 Nonne
388 888 456 945 ergo
477 873 554 929 omui
576 876 672 931 studio
693 876 883 933 sesdusbitis?
911 876 985 935 Nem
1006 880 1030 935 si
1051 877 1159 939 Cbreris

45 965 98 1003 ros
122 950 260 1021 viderit,
277 950 424 1007 invocatus
446 954 573 1026 accedet,
589 964 622 1011 ut
642 966 726 1012 canat
745 956 831 1029 tibiis,
845 965 876 1013 et
888 967 968 1015 certo
988 960 1109 1018 sciuros
1131 962 1160 1019 ei

46 1026 134 1089 ilenti
151 1046 256 1100 seque
271 1030 361 1102 ipsum
376 1032 505 1105 fatiganti
519 1034 637 1091 daturne
653 1038 764 1093 tandem
778 1038 891 1108 aliquid.

89 1106 240 1168 TRYG.
267 1112 398 1185 Agedum
414 1122 445 1169 tu
466 1131 545 1171 sume
565 1118 719 1173 canistrum
740 1126 771 1173 et
790 1117 984 1194 gutturoium,
999 1126 1083 1193 atque
1103 1121 1160 1177 cir.

47 1191 130 1246 cumi
147 1208 239 1247 aram
257 1193 337 1249 ocius
350 1193 539 1251 dextrorsum.

92 1268 207 1327 FAM.
234 1270 318 1330 Ecce
329 1272 493 1331 circumiri:
515 1276 590 1331 aliud
601 1275 660 1349 jam
673 1278 791 1351 impera.

93 1348 247 1409 TuYG.
274 1355 404 1426 Agedum
418 1360 523 1411 torrem
538 1358 613 1412 bunc
627 1360 654 1413 in
668 1375 767 1429 aquam
786 1360 966 1431 immergam:
990 1365 1020 1417 tu
1041 1365 1174 1418 concute*

54 1428 163 1489 ocius:
192 1440 229 1489 tu
252 1441 348 1491 autem
364 1436 477 1508 porrige
490 1439 568 1493 solute
583 1446 691 1509 partem
712 1441 814 1507 molae3
835 1441 952 1511 ipseque
967 1441 1162 1513 tuclustreris,

54 1512 173 1572 tradita
187 1513 266 1571 mihi
286 1516 339 1571 hoc
352 1516 435 1571 tuoe:
453 1516 561 1589 projice
584 1521 790 1593 spectatoribus
801 1521 887 1577 etiam
911 1521 1089 1592 aliquantum
1103 1521 1162 1577 tru-

55 1612 217 1735 ΙΠΞἙᾸΜ.
246 1672 303 1733 En.

99 1752 249 1813 TRYG.
272 1755 376 1815 Jemoe
387 1756 508 1817 dedisti?

101 1831 221 1893 Fam.
247 1834 294 1893 lta
315 1840 476 1897 mehercle:
507 1854 560 1895 nec
580 1837 699 1898 istorum
717 1845 864 1914 quotquot
882 1844 949 1899 suut
968 1846 1163 1915 spectatorum

60 1910 142 1977 ullus
157 1924 216 1985 est,
233 1918 302 1991 quin
318 1918 420 1977 babeat
432 1920 579 1976 hordeum.
795 1925 798 1929 ’

102 1994 250 2057 TRYG.
272 1997 303 2055 N
305 2018 381 2057 ouue
393 2002 477 2057 etiem
490 2000 620 2057 mulieres
631 2001 825 2071 acceperunt?

105 2076 222 2137 ΕΔΜ.
246 2076 299 2135 seu
312 2082 348 2137 ed
360 2098 503 2153 vesperum
516 2080 627 2135 dubunt
637 2081 675 2136 eis
689 2082 752 2137 viri.

67 2236 88 2295 b
106 2155 251 2297 TigrYG.
274 2157 353 2228 Quin
371 2163 538 2235 precamur?
561 2157 631 2228 Quis
648 2157 696 2217 hic
714 2156 814 2218 adest?
835 2159 951 2217 ubinam
962 2164 1031 2218 sunt
1042 2158 1125 2219 multi
1137 2164 1167 2219 et

90 2255 141 2296 our

109 2318 228 2383 FAM.
250 2321 315 2397 Age
327 2323 390 2381 deur
404 2323 482 2381 istis:
504 2320 586 2379 molti
599 2322 673 2379 euim
687 2328 756 2380 suut
766 2326 795 2379 et
805 2320 886 2379 beni.

107 2397 249 2459 TRYG.
273 2400 383 2461 lstosne
397 2404 504 2477 putasti
519 2404 610 2459 bouou
620 2405 699 2460 esse?

108 2478 226 2551 ΙἙΑΜ.
248 2478 409 2557 Quippini?
431 2486 478 2557 qui
491 2484 634 2553 nimirum,
651 2500 739 2554 quum
752 2500 802 2539 eos
816 2487 898 2539 unm
916 2498 991 2556 aquo
1007 2480 1169 2555 perfuderi·
1286 2518 1289 2523 -

69 2579 144 2630 mus,
159 2564 193 2619 in
208 2564 333 2619 eundem
347 2567 431 2621 istum
445 2566 560 2621 veniunt
572 2569 601 2618 et
612 2563 774 2617 consistunt
786 2564 892 2618 locum.

112 2638 255 2701 TRYG.
276 2641 329 2701 Sed
348 2661 432 2716 quem
447 2644 568 2716 primum
581 2658 752 2713 precemnr3
774 2658 923 2712 precemur
932 2640 1003 2714 jam.
1044 2638 1073 2696 0
1087 2658 1171 2699 reno·

72 2724 168 2781 rande
181 2723 297 2797 regine,
318 2722 380 2781 Dee
394 2723 572 2792 honoranda,
588 2720 660 2793 Pax,
674 2720 790 2777 domina
810 2721 975 2794 chororum,
989 2718 1106 2777 domins
1116 2738 1170 2778 uu.

73 2804 221 2877 puerum,
234 2804 333 2877 accipe
344 2803 513 2861 sacrificium
526 2810 663 2859 nortuum.

119 2878 250 2941 CHOR.
272 2883 393 2958 Accipe,
409 2886 541 2952 obsecro,
557 2882 576 2939 ὂ
591 2881 751 2951 carissimu3
773 2899 827 2939 uec
838 2881 885 2938 iae
898 2880 1005 2952 itidem,
1020 2884 1055 2935 ut
1075 2880 1171 2937 solent

76 2965 216 3023 mulieres
229 2964 375 3024 adulteres.
423 2963 540 3038 Quippe
550 2964 605 3019 illa
619 2964 829 3035 semiadapertis
841 2961 950 3021 toribus
964 2966 1170 3032 prospectaut3

79 3050 112 3101 at
132 3045 223 3118 siquis
246 3046 377 3103 advertet
396 3044 465 3120 ipsis
484 3042 618 3116 animum,
634 3044 771 3099 recedunt
782 3062 792 3114 3
813 3043 926 3114 deinde,
940 3042 963 3097 si
984 3042 1078 3113 abest,
1103 3057 1173 3114 pro·

80 3131 221 3201 spectent
234 3140 338 3185 rursus.
380 3125 426 3183 Tu
442 3126 511 3181 nihil
525 3125 625 3181 borum
638 3123 684 3179 t'uc
696 3124 793 3179 itidem
807 3124 901 3179 uobis.

126 3202 261 3263 TRYG.
283 3204 330 3263 Ne
343 3206 438 3264 hercle
455 3204 565 3273 leceris,
582 3205 630 3261 sed
644 3204 762 3260 ostende
775 3210 865 3259 totum
887 3209 915 3258 te
927 3201 1028 3272 ipsam,
1046 3206 1079 3257 ut
1095 3201 1174 3276 ioge-

85 3304 175 3345 uuam
190 3286 282 3354 decet,
295 3289 468 3355 custoribus
483 3288 577 3358 nobis,
593 3286 642 3357 qui
656 3286 695 3340 tui
709 3282 847 3339 desiderio
863 3282 975 3339 tertium
985 3280 1043 3355 jam
1057 3289 1087 3338 et
1098 3281 1176 3341 deci.

86 3386 164 3425 mum
178 3382 356 3425 maceremur
367 3384 484 3425 annum.
527 3364 657 3449 Dissffro
671 3380 781 3437 pugnus
794 3370 824 3418 et
837 3362 987 3429 tumultus,
1002 3366 1033 3415 ut
1047 3359 1176 3436 Lysima-

86 3450 171 3507 cbam
185 3452 215 3504 te
227 3462 365 3508 uocemue.
408 3446 564 3519 Compesce
576 3445 689 3502 festivus
708 3445 770 3501 illas
784 3448 893 3501 nostras
913 3440 1097 3514 suspiciones,
1111 3443 1177 3515 qui.

87 3530 145 3585 bus
157 3527 272 3584 adducti
285 3544 374 3601 noges
384 3529 540 3601 garrientes
553 3527 600 3583 alii
612 3522 684 3581 alios
698 3524 921 3579 calumniamur:
945 3532 973 3579 et
987 3537 1112 3592 tempere
1124 3541 1177 3579 nos

89 3606 214 3673 Grecos
228 3608 323 3665 denno
342 3608 473 3665 amicitiae
495 3625 593 3677 succo,
608 3614 638 3662 et
658 3604 820 3677 ignoscendi
841 3605 1013 3675 voluntatem
1037 3603 1178 3663 mitiorem

89 3689 215 3746 admisce
235 3688 379 3745 mentibus
401 3689 517 3749 nostris.
568 3686 664 3753 Effice,
687 3685 830 3741 otiorum
842 3694 971 3739 nostrum
991 3684 1072 3738 bonis
1093 3684 1179 3745 rebus

91 3770 232 3841 abundet,
245 3769 398 3842 &sudibus
414 3770 498 3839 alliis,
513 3768 705 3825 cucumeribus
714 3766 902 3840 preconibus,
915 3763 1017 3835 pomis,
1031 3765 1109 3819 malis
1126 3782 1180 3834 pu.

94 3850 176 3922 uicis,
202 3850 280 3907 laeuis
302 3849 397 3924 porris
419 3850 449 3905 in
469 3866 549 3905 usum
564 3865 735 3905 serrorumr
757 3853 832 3903 etcx
855 3842 966 3901 Boeotio
985 3848 1018 3898 ut
1041 3843 1180 3902 videamur

93 3931 214 4003 multos,
229 3931 279 3999 qui
290 3931 389 3993 ierunt
408 3946 530 4001 anseres,
550 3938 655 3995 anates,
676 3928 834 4000 palumbes,
849 3924 1005 3981 trochilos:
1028 3928 1057 3977 ct
1071 3922 1181 3996 Copai-

95 4010 164 4065 dum
187 4012 374 4084 anguillarum
392 4016 424 4066 ut
440 4017 547 4083 sportae
568 4010 694 4078 veniant,
717 4018 806 4079 utque
826 4006 903 4063 circa
925 4022 971 4061 eas
989 4004 1112 4061 conferti
1128 4020 1182 4061 nos

97 4098 272 4161 opsoneutes
284 4093 312 4146 in
328 4092 412 4147 turba
427 4092 567 4147 luctemur
581 4106 643 4147 cum
659 4086 817 4161 Morycbo,
832 4084 931 4157 Telea,
944 4082 1093 4144 Gloucctn.
1107 4079 1184 4142 aliis·

100 4184 157 4239 que
168 4170 347 4228 helluonibus
366 4172 485 4241 multis;
507 4170 616 4229 deinde
629 4168 802 4227 Melanthius
818 4173 847 4222 ot
868 4166 962 4221 reniet
986 4167 1128 4238 posterior
1146 4164 1203 4227 ud,

99 4248 207 4329 βψ,
221 4251 385 4352 fflae‘eutem
399 4251 521 4329 rendjtra
539 4250 600 4326 jam
613 4249 683 4327 siut,
692 4255 723 4315 ¹et
734 4250 788 4309 iste
800 4246 899 4322 ejulet,
912 4244 1014 4308 deinde
1030 4261 1066 4305 ex
1078 4242 1184 4316 Medea
