2875 4984
292 349 376 442 160,
672 337 1049 406 uulssopnnltls

286 551 290 558 .
329 497 484 562 STREPS.
507 496 561 558 Dic
575 496 643 556 mibi
656 515 746 574 ergo:
767 499 943 558 simulierem
954 496 1107 557 veneficam
1114 491 1286 552 Thessalam
1299 509 1373 550 emo

288 602 360 658 rem,
373 591 403 642 et
416 586 505 640 noctu
519 581 687 638 deducerem
700 578 808 637 Lunam
821 600 831 651 ;
852 581 954 638 deinde
967 580 1128 637 conclusam
1139 579 1171 634 in
1182 577 1270 634 theca
1281 577 1374 648 aliqua

287 665 424 738 rotunda,
438 669 573 734 tauquam
586 662 746 735 speculum,
758 660 952 719 asservarem?

328 743 412 803 800.
433 741 645 816 Quidquam,
660 743 716 800 hoc
728 743 781 799 tibi
794 741 966 814 prodesset?

327 822 482 887 STREPS.
504 821 625 900 Rogas?
647 824 744 882 sinon
757 821 880 899 amplius
892 824 1015 882 oriretur
1036 817 1122 878 Luna
1141 819 1266 896 uspiam,
1277 835 1370 877 usuras

289 925 350 966 uon
363 909 469 964 darem.

330 986 416 1052 SOC.
439 984 516 1054 Quid
530 984 592 1042 itu?

330 1066 487 1126 STREPS.
507 1063 586 1133 Quia
598 1069 625 1123 iu
639 1065 766 1142 singulos
778 1081 886 1123 menses
901 1065 1022 1138 pecunia
1033 1063 1120 1118 datur
1132 1061 1251 1118 loenori.

330 1148 415 1208 800.
438 1147 527 1206 Beue.
566 1147 619 1204 Sed
633 1149 711 1214 aliud
724 1165 823 1204 rursus
836 1147 889 1204 tibi
900 1161 1063 1218 proponam
1071 1143 1205 1201 callidum
1215 1140 1367 1214 quidpiam.

290 1231 321 1290 Si
335 1232 386 1289 libi
399 1231 476 1286 lorto
490 1225 662 1286 scriberetur
674 1231 738 1288 dics
748 1229 879 1302 quinque
892 1227 1043 1301 tnleutdm,
1056 1224 1202 1297 quomodo
1221 1241 1287 1284 uam
1299 1221 1368 1280 obli-

288 1310 418 1372 tereres?
439 1312 486 1366 die
499 1309 578 1366 mibi.

331 1389 487 1451 STREPS.
508 1389 688 1458 Quomodo?
710 1388 877 1464 quomodo?
899 1387 1016 1446 neseio:
1038 1387 1086 1442 srd
1099 1385 1293 1458 quaerendum.

329 1471 414 1534 800.
436 1471 483 1531 Ne
493 1471 553 1546 jam
578 1474 654 1530 circa
677 1481 705 1528 te
728 1474 822 1543 ipsum
846 1473 977 1529 eneruem
997 1475 1028 1525 et
1048 1467 1198 1525 contineas
1221 1464 1367 1541 cogitatio·

290 1574 356 1614 nem
369 1572 480 1628 semper
491 1571 500 1621 3
530 1553 577 1610 sed
590 1555 712 1610 laxatam
725 1553 836 1610 dimitte
854 1549 1066 1626 meditationem
1077 1549 1107 1604 in
1119 1546 1225 1616 adrem,
1239 1555 1366 1620 tanquam

290 1639 465 1696 scarabeum
479 1634 540 1690 lino
553 1651 588 1692 ex
604 1636 673 1708 pede
686 1635 854 1690 revinctum.

334 1715 489 1775 STREPS.
531 1713 632 1773 inueni
653 1715 883 1774 obliterationem
899 1711 971 1771 dicae
993 1709 1211 1780 callidissimam,
1236 1712 1269 1766 nt
1293 1707 1366 1778 ipsus

289 1799 374 1856 sliam
390 1795 537 1854 fateberis.

332 1875 416 1937 800.
438 1874 580 1943 Qualem?
741 1913 744 1918 ·

333 1955 487 2018 STREPS.
508 1956 552 2014 Eu
567 1975 692 2030 unquam
705 1956 785 2032 apud
798 1955 1034 2030 pharmacopolae
1054 1953 1177 2025 lapidem
1192 1949 1294 2021 vidisti,
1307 1947 1365 2024 pul·

289 2038 388 2100 ebrum
403 2041 481 2098 illum
491 2047 521 2096 et
534 2039 721 2112 pellucidum,
736 2056 797 2112 quo
808 2037 903 2112 ignem
916 2033 1098 2093 ascendunt?

248 2169 259 2198 ,
331 2120 418 2182 SOC.
439 2119 717 2197 Crystallumdieis?

331 2199 485 2260 STREPS.
508 2199 598 2270 Illud,
612 2201 737 2271 inquam.

330 2281 416 2339 SOC.
436 2279 528 2346 Cedo,
541 2280 608 2356 quid
621 2276 752 2335 laceres?

331 2359 485 2420 STREPS.
506 2358 535 2416 Si
549 2361 604 2416 hoc
616 2367 719 2432 sumto,
734 2358 848 2432 quando
869 2358 1009 2418 scriberet
1028 2360 1119 2418 dicam
1142 2360 1248 2427 scriba,
1261 2352 1365 2429 longius

290 2461 345 2518 ego
359 2449 436 2498 stans
449 2443 490 2496 sic
503 2440 538 2496 ad
552 2439 645 2498 Solem
659 2440 755 2496 literas
767 2439 963 2512 liquefecerenr
976 2442 1047 2499 dicre
1061 2442 1129 2500 milri
1140 2438 1279 2514 scripta?

332 2521 418 2582 800.
441 2519 560 2596 Lepide,
575 2521 615 2578 ila
628 2539 673 2578 me
685 2518 795 2578 Gratiae
809 2529 915 2578 ament.

330 2601 486 2662 STRSPS.
509 2600 557 2660 0!
579 2619 662 2674 quam
676 2603 772 2678 laetor,
788 2603 867 2677 quod
879 2603 1004 2678 quinque
1011 2602 1151 2662 latentium
1163 2601 1258 2663 dicam
1271 2596 1365 2658 oblite·
1405 2628 1406 2643 1

292 2685 372 2744 ravi!
603 2683 606 2696 ¹

331 2764 415 2825 SOC.
438 2765 501 2840 Age
513 2781 592 2822 nnnc
606 2765 737 2822 celeriter
747 2764 823 2822 istuc
835 2763 943 2840 arripe.

331 2845 488 2905 STREPS.
509 2844 674 2913 Quidnam?
1354 2910 1355 2913 Ἴ

330 2927 416 2986 SOC.
438 2926 507 2993 Quo
521 2934 617 2999 pactu,
630 2928 659 2982 in
671 2924 813 2999 judicium
831 2930 964 2999 uocatus,
977 2927 1083 2985 actoris
1105 2927 1272 3001 petitionem
1295 2939 1365 2982 srsr·

291 3014 374 3079 tems,
384 3011 408 3065 si
421 3026 456 3064 eo
471 3025 514 3144 {es
528 3005 681 3082 recidisset,
698 3013 731 3064 ut
744 3008 926 3067 condemnari
940 3015 1135 3086 tsoporterot‚
1148 3011 1368 3084 quiatestesnou

292 3091 462 3163 produceres

333 3167 489 3226 STREPS.
512 3165 653 3241 Perquam
665 3167 749 3228 facile
762 3174 793 3227 et
805 3169 861 3226 leri
874 3170 1002 3246 negotio.

333 3247 416 3307 SOC.
441 3246 496 3306 Dic
509 3266 588 3323 ergo.

249 3375 252 3380 .
334 3327 490 3388 STREPS.
513 3329 605 3402 Atqui
619 3330 703 3390 dieo:
732 3333 755 3389 si
769 3331 899 3390 nimirum
913 3331 1007 3406 prius,
1020 3333 1089 3390 dum
1101 3332 1197 3390 adbuc
1209 3349 1269 3390 una
1280 3345 1369 3403 super·

294 3417 338 3470 est
354 3413 388 3469 lis
404 3412 569 3486 decidenda,
583 3420 736 3486 autequam
749 3431 812 3470 urea
831 3414 1041 3492 introducatur,
1051 3414 1198 3477 curriculo
1217 3414 1333 3488 abirem,
1346 3411 1369 3464 st

293 3511 339 3552 rue
351 3495 558 3567 suspenderem.

334 3573 417 3634 800.
439 3572 523 3632 Nihil
536 3575 616 3633 dicis.
680 3575 688 3586 “

333 3651 492 3714 STREPS.
514 3654 606 3716 Immo
619 3657 749 3728 equidem
763 3675 841 3732 vere,
857 3657 898 3714 ita
920 3677 966 3718 ms
988 3659 1029 3718 dii
1048 3663 1154 3717 ament.
1194 3653 1273 3717 Nam
1296 3667 1370 3711 nemo

294 3743 396 3794 eontra
409 3755 453 3794 me
466 3743 605 3794 mortuum
619 3739 814 3795 introduceret
826 3740 914 3796 litem.

331 3815 414 3879 SOC.
439 3815 470 3874 N
472 3819 563 3894 ugaris
575 3837 586 3888 3-
606 3837 715 3894 apage:
739 3818 829 3877 nolim
843 3825 871 3876 te
883 3820 1006 3896 amplius
1020 3820 1134 3878 dooere.

330 3897 486 3957 STRSPS.
514 3899 593 3966 Quid
608 3900 660 3968 ita,
673 3900 712 3956 mi
725 3897 865 3971 Socrates,
878 3919 930 3974 per
943 3903 1012 3960 deos
1024 3904 1147 3961 obsecro
1160 3898 1171 3956 ἓ

332 3975 416 4036 800.
443 3978 496 4037 Sed
510 3985 542 4037 tu
555 3981 649 4037 statim
664 3981 838 4038 oblivisceris
852 4001 1025 4054 quecunque
1044 3982 1186 4045 didiceris.
1227 3974 1260 4036 N
1261 3995 1316 4050 um,
1327 3973 1366 4032 dle

293 4057 372 4128 milri,
388 4057 456 4128 quid
469 4067 542 4131 erat,
557 4063 634 4134 quod
649 4063 743 4134 primo
755 4063 925 4120 docebaris?

333 4136 485 4197 STRSPS.
507 4140 571 4210 Age
585 4143 704 4217 videam,
723 4142 792 4216 quid
809 4151 871 4200 erat
892 4143 1036 4217 priunum?
1061 4144 1179 4218 primum
1204 4141 1271 4216 quid
1290 4130 1363 4196 eret?

293 4237 423 4295 quaenam
445 4227 507 4280 eret
528 4223 589 4298 illa,
603 4223 632 4282 in
655 4241 710 4297 qua
731 4222 865 4283 nimirum
886 4227 1038 4302 subigimus
1061 4221 1203 4284 lerinam?
1226 4211 1362 4282 heimibil

293 4318 424 4377 quaenam
437 4300 521 4361 eret?
