2875 4984
407 370 827 434 ECCLESIAZUSAE
1110 375 1170 440 tat

121 527 504 676 ἓξὲξΜΕίΜίἓωυωάυω
513 533 588 591 dixit
603 539 631 590 te
643 534 821 609 versipellem
834 533 866 589 et
879 527 1098 593 iraudulentum.

331 632 346 670 e

90 763 95 771 Ι
121 691 290 750 CHREM.
313 693 359 750 Ne
372 692 462 750 adhue
476 711 519 752 me
532 695 607 750 istud
620 713 713 770 roges.
756 691 831 752 Dein
844 694 946 754 furem

123 771 245 833 BLEP.
268 771 421 834 Mesalum
434 773 446 840 ξ

124 852 290 924 CHREM.
314 852 407 916 Immo
420 856 514 918 hercle
527 861 556 913 et
568 853 785 932 sycophautanr.

124 932 246 996 BLEP.
269 934 441 1000 Mesalum?

125 1013 291 1073 CHREM.
314 1016 407 1074 Immo
420 1018 516 1080 hercle
529 1034 597 1074 vero
611 1017 757 1075 horuucce
770 1035 881 1076 omnem
895 1017 1112 1079 multitudinem.

126 1093 247 1155 BLEP.
273 1095 339 1154 Hoc
352 1099 464 1170 quidem
480 1098 541 1169 quis
555 1096 659 1160 infitias
672 1099 777 1156 iverit?

127 1175 292 1235 CHREM.
315 1180 358 1233 At
371 1178 501 1235 seminam
517 1178 629 1236 dicebat
641 1197 701 1238 rem
713 1195 773 1236 ease
785 1178 923 1251 sapientia
935 1180 1059 1255 plenam,
1073 1186 1105 1238 et
1117 1199 1170 1255 pa·

82 1259 191 1316 randis
204 1258 309 1314 divitiis
322 1265 417 1332 aptam
431 1277 439 1314 τ
464 1277 515 1316 uec
529 1259 590 1316 illas
603 1275 706 1318 arcena
719 1277 755 1316 ex
768 1257 999 1334 Thesmophoriis
1018 1263 1170 1320 identidem

83 1341 220 1398 efferre:
243 1345 271 1398 te
284 1357 352 1400 reru
365 1349 394 1396 et
408 1357 452 1404 ure
465 1358 500 1398 cx
513 1342 604 1417 curia,
617 1340 756 1416 quidquid
769 1340 888 1403 senatus
911 1341 1059 1415 decretset,
1071 1344 1172 1402 etiem

83 1421 217 1488 dicebat

130 1497 248 1558 BLEP.
271 1497 309 1556 Et
322 1518 398 1572 sane,
415 1519 465 1575 per
479 1500 667 1569 Mercurium,
681 1500 710 1558 id
725 1502 858 1559 mentitus
873 1519 932 1560 uon
946 1509 999 1560 eet.

132 1559 292 1638 CHREM.
315 1580 426 1640 Deinde
437 1587 546 1640 mutuas
559 1583 633 1640 iuter
645 1601 674 1640 sc
685 1585 754 1640 dare
768 1592 870 1656 restes,
885 1599 984 1640 aurum
988 1587 1169 1658 ‚argeutum

86 1665 216 1736 pocula,
230 1661 314 1733 idque
328 1664 401 1722 solas
415 1665 494 1736 solis,
509 1681 567 1725 non
583 1681 679 1720 coram
693 1662 824 1732 testibus,
838 1669 869 1721 et
881 1681 915 1719 ea
928 1664 1022 1722 omuia
1043 1665 1171 1736 reddere,

86 1761 191 1815 neque
204 1740 323 1799 inuicem
335 1742 488 1814 fraudare;
507 1746 584 1818 qued
598 1745 725 1804 nostrum
734 1743 873 1818 plurimes
885 1744 979 1802 facere
987 1745 1172 1819 praedicabat.

133 1821 249 1880 BLEP.
271 1821 355 1893 Sane,
371 1842 422 1896 per
437 1823 616 1898 Neptunum,
630 1826 784 1899 etquidem
799 1843 893 1882 eoram
909 1826 1037 1883 testibus.

134 1901 296 1968 CHREM.
316 1903 392 1960 Tum
408 1905 540 1964 mulieres
564 1907 702 1966 nemiuem
717 1906 872 1980 criminari,
886 1913 935 1963 aut
947 1907 1036 1981 injus
1058 1921 1172 1977 vocare,

88 1987 191 2058 neque
206 1986 373 2060 popularem
387 1993 490 2042 statum
502 1995 638 2045 euertere.
680 1988 734 2046 Sed
744 1988 870 2044 multaet
884 1988 959 2044 bona
970 1988 1082 2059 aliaque
1088 2001 1174 2057 quam

94 2069 223 2142 plurima
235 2067 270 2122 de
284 2066 448 2123 mulieribus
461 2069 533 2124 bene
546 2067 667 2124 dicebat.
745 2096 749 2101 ·

137 2146 253 2205 BLEP.
275 2144 353 2213 Quid
369 2146 481 2202 tandem
496 2147 639 2204 decretum
650 2145 714 2206 est?

136 2227 296 2285 GHREM.
319 2227 466 2285 Committi
475 2230 673 2300 rempublicam
683 2229 759 2288 iilis:
780 2229 810 2289 id
819 2231 892 2289 enim
903 2247 990 2287 uuum
1003 2225 1093 2298 rideri
1101 2224 1178 2301 qued

92 2311 126 2373 in
144 2311 215 2366 urbe
228 2316 325 2366 nostra
339 2307 463 2365 nondum
480 2309 587 2374 iactum
601 2311 647 2382 sit,

137 2389 254 2448 BLEP.
279 2389 322 2447 Ac
334 2391 476 2446 decretum
489 2387 555 2460 est?

139 2469 298 2528 CHREM.
322 2468 368 2526 Ita
380 2470 455 2528 dieu.

138 2549 252 2610 BLEP.
275 2550 374 2626 anue
384 2550 480 2619 emnia
493 2551 547 2616 illis
561 2551 788 2623 committuntur,
803 2573 866 2627 quae
881 2555 947 2614 viria
962 2552 1082 2613 antehac
1103 2568 1178 2610 cura

91 2633 207 2698 crant?

142 2711 299 2772 CHREM.
321 2710 367 2769 Ita
380 2729 409 2770 se
421 2711 481 2768 haec
494 2710 611 2770 habent.

142 2793 256 2852 BLEP.
281 2793 384 2866 Neque
394 2811 447 2866 ego
461 2793 582 2867 amplius
596 2795 624 2850 in
637 2793 704 2852 foro
715 2795 765 2870 jus
777 2793 877 2864 dicam,
891 2794 941 2852 scd
953 2796 1047 2850 uror?
1121 2800 1123 2803 '

142 2874 300 2941 CHREM.
323 2873 427 2946 Neque
447 2880 490 2946 tu,
507 2892 578 2948 qnos
599 2875 686 2933 habes
708 2877 898 2950 liberos,a1es
916 2876 945 2932 iu
967 2871 1184 2948 posterum,sed

96 2975 190 3015 uxor.

145 3033 256 3096 BLEP.
279 3035 382 3110 Neque
391 3039 530 3112 suspirare
543 3035 668 3095 diluculo
685 3037 807 3110 amplius
820 3053 894 3112 opus
906 3038 962 3094 erit
973 3033 1063 3094 mihi?

145 3115 300 3178 CHRBM.
325 3101 406 3193 Non,
423 3115 613 3193 perderem
644 3119 691 3174 sed
708 3118 920 3187 mulieribusea
944 3120 1122 3175 curassent
1148 3117 1181 3171 tu

98 3212 198 3274 putem
210 3217 324 3257 securus
337 3199 396 3255 sine
409 3201 514 3274 gemitu
528 3198 632 3274 pedens
645 3198 724 3254 domi
737 3199 873 3256 manebis.

146 3279 201 3338 Bi
201 3279 262 3338 ΕΡ.
283 3277 348 3342 iioc
370 3299 459 3338 sunum
482 3279 634 3336 timendum
653 3288 697 3336 est
718 3278 802 3335 nobis
825 3278 995 3353 aequalibus,
1018 3295 1056 3335 ue
1074 3273 1184 3334 scilicet

101 3363 174 3436 iiiae,
190 3360 240 3418 ubi
257 3361 421 3435 reipublicae
435 3362 557 3418 habenas
572 3360 758 3435 susceperint,
771 3366 832 3433 tum
844 3377 898 3418 nos
910 3378 939 3418 rr
929 3361 1094 3446 'cogant-

145 3440 302 3501 CHREM.
323 3438 594 3514 Namquamremi
657 3441 661 3449 '

147 3521 202 3581 Bi
204 3521 263 3580 ΕΡ
284 3521 469 3598 Subagttare
462 3541 546 3597 rpsas

149 3601 307 3661 CHREM.
329 3602 357 3660 Si
371 3622 439 3662 vcro
452 3622 510 3660 non
525 3601 698 3678 possumusi

149 3682 264 3742 BLEP.
285 3682 440 3744 Prandium
455 3701 515 3740 unu
527 3684 646 3742 dabunt.

148 3763 307 3824 CHREM.
330 3763 377 3822 Tu
392 3784 463 3822 uero
474 3765 549 3822 istuc
564 3765 658 3822 hercle
670 3783 734 3839 age,
749 3767 783 3820 ut
794 3763 934 3836 prandeas
944 3767 974 3820 et
986 3760 1083 3819 fatuas
1093 3758 1187 3818 simula

150 3844 267 3904 BLEP.
289 3845 368 3904 Nihil
384 3854 440 3904 tam
455 3847 582 3904 odiosum
598 3853 651 3919 est,
666 3863 748 3919 quam
763 3844 884 3901 inuitum
897 3840 1003 3916 aliquid
1015 3841 1121 3899 facere.

151 3925 309 4000 CHREM.
330 3922 437 3985 Verum
452 3927 475 3984 si
489 3928 654 3999 reipublice
663 3926 742 3988 istud
754 3925 899 3996 conducit,
911 3925 940 3980 id
954 3921 1136 3981 rirosomnes
1145 3919 1190 3981 ta.

109 4025 177 4066 ecre
191 4012 318 4081 oportet.
360 4006 437 4064 Nam
461 4014 491 4065 et
512 4009 655 4081 quoddam
679 4006 825 4064 seniorum
849 4003 954 4061 dictum
978 4003 1189 4075 circumfertur,

108 4106 234 4161 nempe:
257 4085 440 4164 Quaecunque
454 4087 545 4146 stultu
559 4095 589 4145 et
593 4092 689 4165 setun
707 4088 932 4161 decreverimus,
947 4104 983 4143 ea
997 4084 1193 4142 omniomnis

111 4175 146 4227 in
162 4169 265 4226 melius
282 4173 426 4226 converti.
468 4169 567 4242 Atque
585 4173 691 4227 utinam
711 4170 753 4226 ita
774 4166 931 4242 contingat,
945 4173 975 4224 et
992 4167 1195 4224 convertantur-

112 4249 241 4387 qulidcm,
256 4248 275 4306 ὂ
289 4251 450 4308 veneranda
462 4248 556 4307 Pallas
569 4257 600 4309 et
610 4251 650 4309 dii
664 4250 762 4311 ceteri.
803 4245 914 4309 Verum
932 4248 1026 4305 abeo:
1057 4251 1089 4302 tu
1100 4248 1193 4302 autem

110 4351 147 4390 ra
160 4350 176 4388 e

156 4408 270 4468 BLEP.
293 4408 331 4468 Et
345 4417 390 4484 tu,
405 4435 424 4470 o
411 4409 570 4471 Chreme

155 4489 281 4561 CHOR
305 4454 422 4614 vectio,
436 4493 630 4572 progredere:
654 4510 691 4552 au
706 4497 750 4551 est
762 4489 913 4567 quisquam
924 4489 1064 4564 utrorum,
1078 4480 1128 4558 qni
1141 4496 1196 4542 nes
