2875 4984
263 226 322 286 106
584 213 987 286 ARISTOPHANIS

313 453 455 534 cumo,
470 442 1312 534 vluJnsnus,cunnnuuns,sucor11anrt,

726 560 896 624 monus.
997 671 1003 680 ἢ

307 715 400 778 CAR.
422 717 517 788 Quam
531 737 617 779 snare
636 724 691 795 est,
706 721 802 794 brici,
816 741 876 781 rem
895 722 1018 780 feliciter
1032 738 1142 797 gerere,
1156 723 1320 796 presertim
1333 723 1363 780 si

265 801 337 858 nihil
351 803 436 858 domo
449 801 594 860 extuleris.
636 801 731 861 Nobis
752 802 828 860 enim
842 805 984 862 bonorum
1002 802 1163 861 noemmin
1181 804 1302 860 domurn
1317 805 1362 860 ira
1416 822 1417 877 3

266 883 336 958 ruit,
351 885 411 940 sinc
424 883 485 940 ullo
507 883 631 958 cujusvis
651 883 874 944 intertrimento.
915 882 1068 942 Pauarinm
1091 882 1205 957 quidem
1232 885 1361 958 plenum
1416 898 1417 921 ²

267 969 310 1020 est
323 964 388 1020 elba
402 963 514 1022 farina:
538 964 682 1038 amphorae
704 970 797 1021 entem
815 967 882 1023 rino
903 967 991 1023 rubro
1003 965 1144 1039 fragranti
1158 983 1166 1020 ε
1188 971 1314 1040 argento
1328 973 1363 1026 et

267 1061 338 1101 auro
353 1046 447 1103 omnia
460 1046 542 1102 nobie
556 1063 622 1104 rasa
635 1047 736 1102 efferte
748 1052 826 1117 sunt,
839 1047 912 1104 adeo
936 1053 969 1103 ut
982 1046 1075 1102 mirari
1096 1046 1220 1104 subeat:
1250 1053 1361 1120 puteus
1417 1034 1419 1125 1

268 1123 333 1182 olco
346 1128 463 1198 plenus:
487 1127 619 1200 ampullae
629 1128 780 1200 unguentis
789 1128 923 1197 refertae3
939 1127 1115 1184 coennculum
1124 1124 1234 1184 caricis.
1277 1127 1362 1183 Ace-

177 1217 182 1227 '
268 1207 367 1263 tahrda
380 1209 485 1280 omnia,
501 1215 530 1263 et
545 1208 668 1280 patellae,
682 1215 711 1264 et
722 1208 786 1265 ollas
800 1227 881 1266 aereae
889 1208 949 1282 jam
962 1213 1048 1264 sunt:
1069 1209 1201 1264 scutellas
1213 1225 1285 1264 vcro
1301 1226 1360 1281 pu-

268 1287 352 1361 tidas,
369 1287 502 1360 piscarias
516 1288 588 1358 illus,
601 1295 747 1364 argenteas
758 1289 819 1368 jam
830 1290 925 1347 ridere
940 1295 1002 1346 est:
1026 1290 1296 1361 muscipulaautem·
1304 1307 1360 1344 no·

269 1367 313 1424 bis
329 1375 444 1444 repente
456 1369 533 1426 sacta
543 1377 586 1424 est
597 1372 735 1427 eburnea.
776 1370 879 1426 Atnos
889 1370 988 1426 famuli
1001 1369 1120 1426 indimus
1129 1368 1284 1445 parimpar
1298 1377 1362 1426 sta-

269 1450 376 1512 teribus
388 1451 482 1508 eureis
497 1470 505 1505 r
529 1457 607 1506 nates
616 1459 709 1508 autem
723 1450 907 1525 detergimus,
922 1467 980 1507 non
992 1451 1097 1523 lapillis
1108 1452 1240 1524 amplius,
1255 1451 1306 1508 sed
1317 1451 1362 1507 al·
1417 1504 1418 1523 χ

267 1529 324 1600 liis,
342 1533 526 1604 praelnxurirn
541 1549 659 1604 semper.
701 1529 740 1588 Et
760 1551 835 1589 nnnc
848 1531 933 1588 herus
945 1529 1057 1602 quidem
1070 1549 1149 1588 meus
1161 1532 1290 1588 immolat
1310 1550 1361 1588 sn·

269 1629 312 1668 em
327 1620 357 1668 ct
377 1613 487 1668 hircum
501 1619 530 1670 et
554 1613 668 1668 arietem
692 1623 868 1671 coronatus:
891 1619 1044 1670 meantem
1067 1614 1145 1670 exire
1158 1614 1298 1686 compulit
1312 1612 1362 1668 tu·
1417 1614 1418 1673 l

270 1709 330 1828 grus
345 1711 353 1762 ;
378 1711 430 1750 nce
439 1692 514 1749 enim
529 1702 657 1765 poteram
670 1693 750 1749 intus
763 1711 897 1751 maneret
920 1710 986 1750 nem
999 1695 1150 1767 palpebras
1163 1694 1233 1750 milri
1245 1693 1363 1752 morde-
1417 1682 1418 1777 1

292 1777 329 1828 at.
967 1801 970 1805 ²
1417 1780 1418 1821 l

310 1850 332 1912 J
335 1849 419 1908 UST.
441 1849 561 1924 Sequere
571 1870 625 1923 me,
643 1869 725 1924 puer,
739 1857 773 1909 nt
782 1853 818 1908 ad
829 1851 918 1910 Deum
932 1870 1039 1911 111111.

311 1929 466 1990 CHREM.
489 1931 542 1989 nia
555 1934 617 2004 quis
631 1935 683 1990 iste
696 1941 749 2004 est,
764 1935 814 2007 qui
827 1934 885 1991 huc
897 1932 1029 1991 acoedit?

310 2009 419 2070 JUST.
442 2012 537 2072 Homo
551 2017 628 2087 prius
643 2015 757 2086 quidem
771 2015 865 2087 miser,
881 2033 955 2072 nunc
967 2020 1062 2070 autem
1075 2012 1249 2072 fortunatus.

311 2092 469 2153 clinum.
491 2095 623 2169 Apparet
636 2114 652 2152 e
665 2114 784 2153 numero
799 2097 941 2154 bonorum
955 2106 984 2152 te
996 2113 1063 2153 essa.

311 2173 332 2232 J
337 2173 410 2230 UST
413 2217 420 2230 .
444 2175 581 2230 Maxime.

312 2251 469 2310 CHREM.
492 2253 570 2322 Quid
582 2255 678 2324 itaque
692 2255 736 2312 vis
750 2254 826 2312 tibi?

312 2330 332 2392 J
336 2331 417 2390 UST.
442 2335 487 2390 Ad
508 2335 590 2390 deum
604 2335 689 2390 istum
711 2337 814 2393 renio:
837 2354 902 2394 nam
917 2337 940 2394 is
952 2335 1021 2393 mihi
1033 2353 1199 2412 magnorum
1212 2337 1363 2394 bonorum

271 2420 374 2470 unctor
389 2419 440 2470 est.
483 2411 545 2489 Ego
558 2415 631 2472 enim
646 2433 731 2487 quum
745 2416 893 2475 facultates
906 2420 973 2475 setis
986 2420 1092 2492 amplas
1105 2436 1123 2474 a
1136 2426 1221 2491 patre
1231 2418 1299 2474 milri
1313 2437 1359 2475 rc.

271 2494 353 2551 lictae
374 2495 555 2571 accepissem,
571 2496 773 2554 subveniebam
787 2499 922 2573 inopibus
943 2500 1050 2574 1111111,
1065 2499 1229 2558 existimans
1250 2499 1309 2557 hoc
1330 2501 1359 2556 in
1418 2500 1419 2573 l

271 2575 331 2630 rita
344 2592 403 2630 esse
416 2577 494 2633 utile.
1418 2586 1419 2589 ’

312 2651 469 2714 CHREM.
493 2655 612 2729 Mirum,
627 2658 657 2715 ni
671 2663 698 2714 te
711 2657 770 2716 cito
784 2658 921 2718 defecerit
934 2659 1065 2734 pecnnia.

311 2731 421 2794 JUS'l'.
444 2735 580 2796 Omnino.
809 2770 812 2780 ·
1418 2796 1419 2815 ,

311 2813 471 2875 CHREM.
495 2818 595 2891 Itaque
609 2824 709 2892 postca
722 2819 901 2878 misererer?
1418 2822 1419 2895 1

312 2893 332 2953 J
337 2895 420 2954 UST.
444 2897 582 2956 Omnino.
624 2896 663 2954 Et
676 2917 730 2972 ege
744 2901 853 2973 quidem
868 2900 1039 2969 arbitrabar,
1052 2899 1155 2974 quibus
1173 2905 1262 2960 antea
1271 2900 1358 2959 bene·
1418 2906 1419 2969 l

270 2977 398 3035 fecissem
413 2977 615 3052 indigentibus,
631 2997 679 3036 eos
693 2997 738 3036 me
750 2981 916 3039 habiturum
928 2984 1034 3040 amicos
1047 3001 1114 3040 vere
1124 2981 1233 3055 firmos,
1247 2982 1363 3054 siquan«
1418 2980 1419 3039 l

270 3059 310 3193 go
324 3074 432 3191 otgerum
446 3077 454 3114 r
477 3059 520 3115 illi
533 3067 626 3116 antem
640 3077 685 3117 me
699 3063 914 3138 aversabantur,
927 3070 958 3121 et
969 3082 1015 3122 me
1038 3064 1136 3122 ridere
1156 3080 1188 3122 se
1202 3064 1356 3121 dissimula·

293 3155 329 3192 an
345 3177 352 3193 .
568 3157 571 3162 ¹

313 3213 469 3274 efluunt.
492 3214 585 3276 Etiam
598 3219 764 3278 deridebant
775 3226 816 3298 te,
829 3227 874 3280 sat
885 3224 957 3280 scio.

312 3293 333 3355 J
338 3295 420 3355 UST.
443 3295 579 3358 Omnino.
621 3301 744 3374 Squalor
755 3304 830 3362 onim
843 3322 912 3362 mec
926 3304 1107 3379 supellectilis
1118 3323 1164 3364 me
1175 3305 1310 3381 perdidit.
1418 3260 1419 3263 ¹

312 3374 363 3434 CH
369 3376 468 3435 REM.
490 3378 544 3437 Sed
554 3381 614 3454 jam
627 3401 685 3439 non
700 3385 831 3457 emplius.

311 3455 332 3516 J
336 3455 419 3518 UST.
440 3457 603 3536 Eapropter
615 3464 650 3520 ad
664 3464 749 3520 deum
763 3464 866 3523 merito
880 3465 1025 3539 1111111,
1041 3471 1074 3524 nt
1086 3483 1149 3526 eum
1161 3467 1288 3526 adorem.

313 3535 471 3598 CHREM.
493 3542 546 3600 Sed
556 3543 624 3615 qnid
634 3544 770 3602 detritum
782 3546 900 3618 pallium
914 3547 1028 3607 iacitad
1039 3549 1136 3621 deum,
1145 3548 1225 3622 qnod
1234 3548 1355 3625 lertpn.

272 3637 303 3676 er
317 3618 373 3689 hic,
392 3622 443 3693 qni
457 3631 484 3678 tc
497 3623 672 3681 comitatur?
693 3626 827 3684 dicmihi.

311 3699 332 3758 J
337 3699 419 3758 UST.
445 3701 480 3758 Et
494 3703 547 3760 hoc
560 3704 740 3764 dedicaturus
752 3709 788 3763 ad
801 3708 886 3764 deum
899 3707 994 3766 renio.

312 3777 468 3840 CHREM.
492 3782 571 3840 Num
584 3787 612 3842 in
624 3787 680 3844 hoc
693 3787 782 3861 pallio
795 3789 921 3847 initiatus
934 3809 964 3848 es
977 3788 1136 3864 majoribus
1147 3788 1312 3870 mysteriis?

217 3927 223 3941 ι
311 3855 332 3916 J
336 3859 420 3920 UsT.
444 3861 514 3921 Non
528 3883 536 3921 ε
560 3885 653 3923 serum
666 3867 747 3927 ineo
759 3870 813 3928 alei
824 3887 914 3928 anuos
928 3870 1074 3931 tredecim.

313 3938 468 4003 CHREM.
491 3943 589 4004 Calcci
602 3947 695 4006 vero?

311 4017 332 4077 J
338 4019 419 4080 US'I'.
444 4025 478 4082 Et
491 4029 537 4084 isti
552 4047 608 4086 uua
621 4031 770 4088 hibernum
783 4030 875 4106 frigus
889 4033 1057 4092 tolerarunt.

311 4098 366 4164 cll
372 4101 468 4161 REM.
493 4106 568 4182 Ergo
583 4112 652 4170 istos
664 4111 750 4172 etiam
762 4113 932 4175 dedicandos
944 4109 1091 4176 adtulisti?

310 4178 330 4239 J
336 4179 418 4241 UST.
440 4183 488 4244 Ita
501 4187 603 4248 hercle.
