2875 4984
491 338 699 414 ebusus.
1102 362 1143 419 ὓ

94 503 194 568 cult.
213 507 323 568 Notene
332 505 502 583 eunoun
512 509 567 567 tibi
579 509 666 567 dico?
687 506 750 582 ipse
762 523 833 568 voro
845 524 905 568 nen
916 509 1005 571 tems.
1047 509 1143 573 lierns

49 590 162 646 etenim
174 607 251 646 mens
264 589 335 646 utut
347 607 398 648 ros
409 589 538 664 jucunde
550 607 647 648 onnes
657 589 907 666 rietnrocirigids
917 591 1144 652 madenti·

50 668 141 726 ‘vendi
155 669 269 726 rationo
282 672 403 726 solutos.

94 745 222 806 CHOR.
244 749 382 816 Quaencm
403 766 472 808 vero
485 766 528 807 res
549 755 593 807 est
613 749 673 824 ille,
688 754 742 806 sut
762 751 847 822 unde,
863 767 946 821 quarn
960 751 1010 808 ilio
1021 751 1143 810 uersati

94 824 196 886 CAR.
218 828 345 886 Advenit
358 829 413 883 buc
426 830 531 886 babens
540 845 636 886 seeum
644 846 738 888 senens
747 833 904 901 quemdem,
917 831 1051 904 dmiseri,
1060 849 1146 904 qus-

54 905 155 978 lidnm,
169 906 332 983 incurvum,
347 926 546 982 aernrnnosum,
561 927 705 983 rugosum,
714 911 835 982 celtum,
846 912 1024 987 edentulum,
1038 917 1068 968 et
1080 913 1146 970 ber·

54 986 97 1042 cle
109 989 201 1042 etiam
215 987 342 1045 arbitror
354 1005 471 1062 verpunr
486 1007 547 1046 eum
561 1007 630 1046 esse.

93 1061 225 1124 CHOR.
248 1065 275 1122 0
290 1070 339 1138 qui
354 1085 466 1126 sussum
481 1067 613 1126 nuntium
627 1061 775 1142 adportes,
785 1068 855 1141 quid
869 1067 935 1126 sisi
957 1070 1148 1130 iterationis.

54 1148 85 1201 ta
98 1145 172 1201 mihi
186 1165 195 1204 a
218 1146 357 1221 significas
370 1149 521 1207 enimcum
535 1166 597 1205 curn
611 1165 714 1207 acervo
726 1150 910 1220 pecuniarum
922 1151 1066 1208 advenire.

94 1224 198 1282 CAR.
222 1223 315 1284 Immo
329 1240 394 1283 curn
406 1243 511 1285 acervo
524 1229 655 1284 senilium
670 1230 822 1287 melorum.

94 1302 226 1362 CHOR.
248 1303 328 1362 Num
343 1312 437 1379 putes,
451 1307 475 1364 si
497 1325 551 1366 nos
564 1307 709 1382 deluserit,
723 1309 754 1364 id
773 1314 802 1366 te
823 1308 941 1383 impune
952 1311 1087 1386 ictuum,
1098 1329 1147 1370 nse

54 1385 219 1457 presertim
232 1386 363 1443 baculum
378 1386 521 1444 bebentei

97 1462 195 1522 CAR.
217 1461 377 1524 Prorsnsne
392 1484 459 1524 vero
473 1467 613 1525 bominem
627 1466 744 1542 iugenio
766 1485 813 1526 me
826 1467 935 1542 putetis
945 1470 1019 1528 odeo
1031 1474 1148 1530 veruto

58 1560 130 1614 esse,
145 1563 201 1602 nec
216 1561 339 1617 nuquam
353 1545 529 1604 arbitramini
542 1566 587 1604 me
598 1547 658 1603 sani
673 1546 824 1618 quicquam
836 1547 952 1604 dicere?

97 1621 231 1684 cthlt.
252 1622 347 1692 Quam
359 1643 474 1682 severus
498 1635 541 1683 est
564 1626 764 1699 perditissimus
783 1626 855 1684 illei
875 1635 906 1684 st
919 1628 1067 1690 tlbiaetuae
1090 1631 1148 1690 cla·

57 1707 149 1771 munt,
166 1694 425 1776 lesmorrenses
440 1712 468 1762 et
482 1707 633 1778 compedes
648 1705 850 1764 desiderantes.

98 1781 196 1840 CAR.
214 1781 312 1850 Quum
324 1783 383 1858 jann
394 1791 474 1842 sorte
483 1786 570 1842 ducta
579 1785 663 1843 litera
669 1784 715 1860 jus
730 1788 760 1842 iu
769 1787 867 1844 loonio
875 1786 1005 1848 diesem
1017 1789 1067 1868 sis,
1078 1792 1149 1864 qnid

58 1860 100 1918 ire
115 1861 231 1920 cessas?
253 1859 370 1920 Charon
383 1883 452 1922 vcro
465 1865 517 1921 tibi
530 1866 693 1940 symbolum
705 1866 765 1923 dat.
1135 1879 1139 1889 ‘

98 1940 228 2000 CHOR.
251 1939 465 2016 Disrumparisi
486 1949 519 2000 nt
539 1947 674 2000 molestus
688 1951 718 2000 et
740 1951 771 2003 et
792 1946 907 2019 ingenio
927 1947 1084 2024 versipelli,
1098 1952 1149 2024 qni

58 2021 173 2078 deludis
187 2039 249 2091 nos,
263 2029 292 2079 et
305 2023 433 2079 nondnrn
446 2024 540 2080 dicere
552 2024 717 2091 sustinuisti,
732 2022 816 2096 cnjus
835 2025 877 2080 rei
891 2043 977 2083 osum
989 2047 1043 2084 nos
1063 2031 1149 2087 bores

60 2107 128 2157 tuus
143 2103 292 2158 vocaverit
305 2102 381 2172 buc;
403 2101 451 2173 qui
465 2103 559 2157 rnultis
580 2101 725 2157 laboribus
739 2104 869 2175 exerciti,
878 2107 1012 2175 'quamvis
1023 2124 1085 2163 non
1103 2126 1151 2166 n·

58 2187 104 2236 set
118 2183 225 2256 otium,
236 2186 351 2240 strenue
364 2182 420 2238 buc
433 2179 604 2257 advenimus,
614 2197 672 2254 ¹per
682 2182 787 2238 multas
800 2183 933 2240 alliorum
947 2185 1055 2244 radices
1063 2193 1148 2246 ‘tran-

60 2269 189 2318 seuntss.

101 2338 200 2398 Onu.
221 2338 275 2398 Sed
288 2357 347 2398 non
362 2341 462 2398 oeiebo
474 2340 616 2414 ampliuss
638 2340 718 2399 venit
728 2339 816 2417 enim,
827 2339 853 2399 d
865 2341 962 2420 enrici,
972 2342 1090 2405 Plutum
1099 2346 1151 2405 sd·

63 2419 171 2478 ducens
184 2420 287 2478 beros:
310 2421 359 2492 qui
370 2437 421 2478 ros
434 2422 534 2478 divites
547 2421 642 2479 faciet.

71 2545 78 2553 ,
103 2498 233 2558 CHOR.
255 2501 304 2558 Au
319 2519 416 2558 revera
429 2501 563 2559 divitibus
577 2517 637 2558 esse
650 2500 733 2558 nobis
746 2502 814 2558 licet
827 2502 979 2561 omnibus?

103 2577 202 2637 CAR.
216 2577 263 2636 Ita
271 2580 365 2637 hercle
376 2599 383 2636 ε
399 2588 427 2638 et
438 2581 549 2653 quidem
562 2577 790 2654 Midusiaciet,si
800 2599 883 2637 aures
893 2583 1151 2644 asininassunratis.

101 2655 232 2718 CHOR.
255 2657 299 2718 Ut
312 2662 406 2732 laetor,
419 2668 452 2717 ut
465 2660 604 2731 delector,
619 2666 650 2717 nt
670 2661 757 2732 cupio
777 2658 937 2732 tripudiare
950 2679 1011 2736 proe
1022 2665 1150 2738 gardini

60 2741 204 2812 siquidem
219 2744 251 2796 tu
265 2739 326 2798 baec
340 2741 445 2813 reipsa
459 2757 526 2796 vera
540 2738 688 2812 praedicas.

103 2816 203 2877 CAR.
225 2819 268 2874 At
280 2836 333 2894 ego
346 2819 427 2893 volo,
440 2818 630 2888 emerendo,
645 2815 804 2893 Cyclopem
816 2816 940 2886 imitans,
953 2823 984 2875 et
996 2818 1052 2877 boc
1064 2823 1153 2880 morio

63 2899 190 2972 pedibus
202 2899 357 2972 impellens,
372 2916 526 2974 rosngere.
567 2897 622 2955 Sed
635 2899 679 2954 eie
691 2897 774 2955 filioli
786 2899 972 2971 clamitantes,
987 2905 1091 2956 etcum
1101 2903 1153 2958 ba·

60 2980 124 3036 latu
140 2979 256 3038 &ntes
268 2978 445 3036 ovicularum
459 2995 668 3052 caprarumque
681 2978 821 3034 olentium
839 2979 976 3054 carmina,
988 2979 1151 3057 sequimini,

64 3059 243 3128 arrectisque
253 3057 383 3128 veretris,
396 3060 640 3116 instarbrrmrrm
654 3057 790 3114 hsoirito.

105 3134 235 3194 CHOR.
257 3135 321 3193 Nos
331 3143 425 3192 autem
437 3138 612 3210 conabimur,
621 3137 815 3210 ibrettonelo,
827 3135 985 3210 Cyclopem
995 3141 1033 3209 te,
1042 3137 1153 3198 ubiba.

63 3218 159 3274 lantes
171 3217 361 3272 invenerimus
374 3216 506 3274 sordibus
522 3215 715 3290 inquinatum,
732 3231 829 3291 peram
851 3216 1002 3274 habentem
1023 3223 1055 3274 ot
1074 3220 1155 3278 olera

64 3297 201 3372 agrestia,
215 3293 282 3353 vino
294 3311 420 3369 gravem,
434 3297 584 3353 ducentem
597 3296 735 3365 oriculas,
749 3301 856 3355 temero
869 3298 972 3354 sticuni
985 3313 1086 3356 sumno
1094 3317 1153 3373 op·

62 3393 210 3451 pressum,
222 3391 381 3441 ercoecsre,
391 3381 487 3432 sumta
497 3377 604 3450 ingenti
617 3381 646 3432 et
661 3381 783 3450 menete
793 3378 873 3432 sude.

107 3453 205 3514 CAR.
226 3455 269 3511 At
289 3473 343 3528 ego
356 3453 469 3512 Circam
483 3456 572 3529 illem,
586 3473 651 3527 quse
668 3455 855 3512 nssdicomine
865 3456 1056 3530 miscetque
1065 3457 1154 3514 sodo·

65 3533 479 3607 libusPlrilanidisseiiqnendo
488 3533 621 3592 Corinthi
635 3536 786 3607 persuasit,
797 3543 830 3591 nt
841 3540 976 3608 tannm
991 3535 1073 3608 porci
1084 3539 1154 3592 sub·

65 3623 165 3672 actam
179 3615 507 3686 neruirmvcomedeuent,
518 3631 605 3686 quern
618 3614 681 3686 ipss
698 3615 851 3689 subegerot
863 3613 932 3687 iilis,
946 3615 1080 3671 imitabor
1088 3631 1154 3670 on·

68 3697 155 3752 nibus
168 3694 259 3751 modis
271 3713 280 3752 ε
303 3711 355 3752 vos
368 3699 462 3752 autern
476 3713 535 3768 prae
549 3693 654 3768 gaudio
666 3696 860 3770 grunnientes,
871 3694 1024 3766 suqrtnnn
1033 3699 1155 3751 neuen

69 3775 240 3912 poggiili.
262 3850 435 3926 Notitaque
457 3850 805 3919 rememoraturum
826 3817 1024 3923 medicamina,
1039 3856 1070 3908 et
1090 3851 1154 3909 offi.

70 3934 120 3990 ciis
134 3934 318 3989 subtiucntorr
329 3939 421 4004 etque
430 3933 787 4006 contaminantesmoios,
798 3932 1080 4008 comprehendentes,
1095 3947 1155 4006 pn
1272 3950 1278 3960 “

70 4010 177 4088 gaudio
191 4009 305 4070 lautis
318 4011 602 4082 muniebamus
614 4012 751 4069 taticnlis
767 4016 992 4086 snsperrdcrrus3
1016 4014 1156 4070 stercore-

71 4110 128 4164 que
143 4093 196 4148 tibi
208 4093 376 4163 obtinentes,
390 4097 526 4164 aequum
548 4092 642 4163 hirco,
657 4109 758 4150 nsrssr
780 4100 813 4148 tu
833 4109 914 4164 vero,
929 4099 964 4148 ut
986 4091 1154 4171 Arittyllns,

71 4189 123 4230 ore
136 4170 234 4230 hiante
247 4172 382 4239 lambens,
396 4172 472 4232 dues
484 4189 493 4229 t
506 4169 965 4249 ..depeculatorem-perustis
