2875 4984
269 243 328 299 110
607 233 1014 298 ARISTOPHANIS

193 454 195 460 .
307 393 378 453 AN.
399 393 438 452 Et
449 393 511 453 hec
534 393 646 466 quidem
660 410 719 451 non
741 411 777 451 er
789 389 910 450 avaritia
922 398 1020 468 petere
1032 411 1062 451 se
1074 411 1091 451 a
1104 409 1149 452 me
1160 395 1290 471 dicebat,
1307 418 1364 460 re..

265 493 325 534 rum
339 477 468 533 amicitias
482 476 587 550 gratia,
599 481 630 530 ut
642 493 731 534 meam
746 480 859 549 gestans
871 481 987 549 vestem,
1001 476 1055 532 mei
1069 477 1282 534 recordaretur.

305 555 463 616 CIIREM.
485 555 636 614 Hominem
649 573 747 613 narras
759 572 849 628 supra
860 555 977 612 modum
990 555 1031 612 tui
1043 564 1195 621 amentem.

304 636 375 695 AN.
399 638 451 695 Sed
467 655 541 697 nunc
564 637 696 694 scelestus
710 655 770 699 oon
782 637 881 693 eodem
897 635 1018 734 amplius
1031 655 1098 712 erga
1111 655 1157 698 ms
1175 644 1219 696 est
1230 639 1336 696 animo
1350 659 1362 696 r

264 736 361 778 rerum
374 737 489 793 prorsus
503 719 726 776 estimmntatus.
768 716 865 786 Quum
878 721 952 778 enim
965 720 1124 815 placentam
1138 721 1231 793 istam,
1242 728 1365 778 cetera-

265 817 320 872 qne
332 800 358 856 ei
373 802 498 870 bellaris,
513 817 573 873 quae
597 799 664 856 huic
687 798 763 857 lanei
784 799 917 873 imposita
928 808 1004 872 sunt
1017 801 1164 876 misissem,
1178 806 1209 860 et
1222 801 1364 861 subindi‚

265 897 369 938 cassem
385 900 429 940 me·
443 883 476 938 ud
491 899 634 954 vesperam
649 888 837 938 venturam—

308 961 466 1020 CI-lllllM
488 960 669 1031 Quidieciti
691 961 828 1019 dicmibi.
1420 975 1422 1025 ι

306 1041 376 1100 AN
401 1041 594 1100 Placentulanr
610 1044 691 1101 istam
704 1041 808 1103 nubis
799 1059 915 1118 insuper
927 1041 1045 1113 remisit,
1058 1059 1092 1099 ea
1104 1042 1178 1118 lege,
1194 1047 1227 1099 nt
1241 1063 1278 1102 ne
1291 1063 1361 1104 am·
1420 1076 1421 1115 r

264 1123 381 1262 plima„
353 1125 423 1182 illoc
444 1126 579 1201 uenirem,
593 1124 691 1183 addito
714 1123 799 1185 etiam
812 1125 869 1184 lsoc
889 1123 1031 1190 dicterio:
1062 1121 1360 1200 Otiosueresortes
1420 1120 1422 1197 ι

302 1205 389 1263 elesii.

305 1283 462 1344 CllltEM.
485 1285 616 1362 Apparet
625 1285 752 1348 morrbus
760 1286 910 1344 imssenon
921 1284 1077 1360 improbis
1093 1285 1193 1344 deinde
1202 1285 1280 1344 drres
1291 1287 1359 1345 fac
1420 1204 1422 1317 ι

265 1368 319 1438 tos,
334 1386 394 1424 non
406 1367 528 1442 amplius
550 1368 661 1448 capitur
674 1366 828 1430 lenticula.
850 1367 971 1429 antebac
993 1374 1088 1424 autem
1102 1385 1162 1441 pre.
1176 1367 1276 1442 inopia
1290 1388 1359 1426 om
1420 1364 1421 1427 l

263 1447 312 1504 nia
326 1449 492 1508 devorabat
1420 1444 1421 1521 ζ

305 1529 377 1587 AN.
400 1530 491 1601 Atqui
513 1529 633 1588 antebec
646 1527 783 1602 quotidie,
796 1530 837 1588 sta
848 1547 893 1587 me
913 1532 988 1588 amet
1009 1525 1097 1589 Ceres
1111 1535 1143 1586 et
1166 1527 1357 1608 Proserpina,
1420 1524 1421 1563 ι

264 1609 416 1670 adustioni
431 1630 519 1668 meum
532 1611 685 1668 accedebat
697 1628 817 1684 semper.
1420 1620 1421 1645 ³

272 1745 275 1752 .
303 1690 462 1749 CHREM.
486 1691 627 1750 Efferendi
642 1690 746 1748 cansa?

303 1769 374 1828 AN.
397 1770 428 1827 N
430 1792 467 1828 on
482 1779 604 1846 ecastor,
620 1773 667 1838 sed
682 1779 793 1827 tantum
807 1771 884 1830 vocis
897 1787 966 1828 mee
979 1769 1113 1836 audiendi
1128 1772 1255 1848 cupidus.

306 1849 464 1909 CHREM.
485 1850 560 1919 Quin
572 1855 657 1910 immo
668 1851 825 1923 accipiendi
838 1853 939 1926 gratia.
1420 1910 1421 1919 χ

305 1929 375 1990 AN.
398 1931 473 1989 Τιιιιι
489 1935 550 2006 pol,
564 1933 701 2004 siquando
716 1935 822 1990 tristem
836 1950 954 1990 maesse
973 1933 1100 2009 sentiret,
1115 1934 1295 1993 cauliculum
1309 1953 1357 1999 mc

263 2017 294 2070 et
306 2014 508 2090 polunrbulom
522 2015 626 2070 blande
639 2013 769 2079 vocabat.

303 2092 462 2152 CHREM.
485 2094 594 2152 Deinde
609 2095 685 2153 sorte
701 2113 829 2153 nummos
844 2093 961 2167 petebat
973 2093 1009 2150 ad
1025 2095 1144 2152 calceos.

303 2175 374 2234 AN.
397 2174 560 2248 Majoribns
583 2187 677 2232 autem
691 2173 839 2232 Eleusiniis
852 2177 919 2245 qnia
931 2184 1039 2234 rectam
1052 2193 1097 2232 me
1121 2181 1261 2249 carpento
1276 2174 1356 2232 sorte
1420 2206 1421 2237 ι

264 2257 325 2329 quis
336 2257 521 2328 adspexissot‚
537 2257 574 2312 ob
588 2257 616 2311 id
630 2261 693 2314 toto
706 2255 752 2311 die
766 2253 920 2329 vapulari:
944 2263 1025 2311 tanta
1038 2258 1182 2317 aemulatio
1195 2259 1354 2323 incesserat
1420 2264 1421 2349 ι

263 2337 345 2396 illum
358 2337 613 2394 adolescentulum.
1420 2352 1421 2401 ι

304 2414 461 2475 CHREM.
486 2415 560 2474 Nam
574 2418 713 2490 lubenter,
729 2415 908 2488 obsidetur,
923 2417 1089 2474 comedebat
1102 2418 1189 2474 solos.
1420 2404 1421 2481 ι

304 2495 376 2554 AN.
399 2495 476 2562 Quin
488 2503 517 2552 et
530 2516 627 2556 merrus
640 2515 685 2554 me
698 2497 883 2571 perpulchras
896 2496 1002 2554 habere
1015 2500 1127 2563 solebat
1139 2500 1245 2562 dicere.
1420 2488 1421 2519 ¹

303 2574 460 2634 CHREM.
483 2575 580 2646 Quum
593 2579 701 2636 scilicet
714 2579 892 2651 porrigerent
905 2579 1004 2652 viginti
1015 2579 1172 2636 drachmas.

303 2656 374 2722 AN.
397 2657 555 2732 Cotemque
568 2678 656 2717 meam
667 2677 752 2716 suase
763 2658 876 2715 dicebat
889 2660 976 2714 olere.
1420 2726 1421 2731 ἵ

304 2737 458 2803 ΟΗιιιιΜ.
480 2740 590 2798 Merito
604 2741 708 2811 hercle,
723 2741 863 2812 siquando
883 2741 1013 2795 nimirum
1026 2738 1162 2798 Thasium
1175 2737 1351 2807 infunderes

305 2818 376 2878 AN.
399 2822 633 2896 Adspectnmque
644 2841 687 2878 me
699 2782 805 2878 babere
821 2821 931 2875 mollem
947 2831 975 2876 et
991 2822 1148 2893 pulchrum.

305 2900 462 2960 CHREM.
485 2901 554 2960 Non
567 2903 699 2960 inficetas
707 2909 771 2958 erat
793 2902 893 2976 homo,
905 2901 953 2960 sed
977 2903 1084 2959 sciebat
1104 2903 1207 2960 vetulae
1223 2899 1351 2996 subantis
1420 2930 1421 3025 p

264 2983 367 3041 viatica
382 2983 537 3038 comedere.

304 3063 376 3122 AN.
399 3061 489 3120 Haec
482 3070 577 3136 itaque
591 3061 667 3120 Deus
681 3060 777 3134 iste,
760 3081 779 3124 o
793 3062 893 3135 amice,
908 3079 966 3118 non
980 3070 1058 3120 recte
1071 3064 1150 3138 lacit,
1164 3063 1215 3136 qni
1234 3061 1352 3137 profiter
1420 3076 1421 3103 ³

264 3151 310 3203 tur
327 3163 357 3201 se
370 3138 476 3216 injuria
489 3143 624 3200 lacessitis
638 3151 742 3216 praesto
756 3144 882 3198 ιιιιιιιιιιιι
897 3161 1018 3216 semper.
1420 3136 1421 3157 ³

303 3222 459 3282 CHREM.
482 3223 560 3291 Quid
572 3225 659 3299 igitur
673 3224 771 3292 iaciat,
786 3224 831 3279 dic
845 3243 853 3292 ;
876 3231 905 3280 et
915 3224 1049 3281 effectum
1062 3224 1188 3282 dabitur.

304 3305 376 3365 AN.
398 3303 519 3362 Ecastor
533 3324 646 3379 aequum
661 3312 704 3362 est
717 3323 819 3380 cogere
832 3324 906 3365 enm.
923 3307 969 3376 qui
992 3323 1067 3361 ame
1082 3304 1217 3362 beneficia
1232 3322 1348 3378 accepe,
1420 3326 1421 3331 ¹

264 3386 315 3461 rit,
328 3394 362 3444 nt
374 3386 442 3444 mihi
452 3387 571 3444 vicissim
584 3385 765 3445 benefaciet:
779 3386 968 3461 antindiguus'
980 3393 1024 3444 est
1037 3390 1084 3468 qui
1097 3405 1133 3444 ne
1156 3385 1273 3444 minimo
1286 3389 1349 3460 qni·
1420 3390 1421 3435 l

264 3469 327 3528 dem
341 3469 452 3526 fruatur
465 3471 554 3526 bono.

303 3548 460 3610 CHREM.
483 3547 514 3608 N
516 3567 592 3606 onne
605 3549 693 3623 igitur
706 3547 822 3622 singulis
836 3548 889 3604 tibi
903 3547 1033 3607 noctibus
1048 3548 1189 3606 referebat
1201 3545 1332 3623 gratias?

302 3631 370 3690 AN.
394 3631 434 3687 At
468 3632 560 3688 scebat
573 3649 602 3688 se
618 3632 708 3686 viram
724 3647 925 3702 menumquam
939 3629 1125 3686 deserturum
1420 3628 1421 3637 ’

302 3709 463 3771 CHRE'.
484 3709 723 3804 Recteqnidem.
746 3711 1327 3806 etnuncnonampliusrirereteputat.
1420 3726 1421 3733 ¹

301 3793 371 3852 AN.
393 3790 456 3850 Prae
471 3811 591 3850 moerore
604 3791 678 3848 enim
693 3791 868 3862 contabui,
852 3813 871 3850 o
885 3793 1060 3850 amicissime.

303 3869 356 3930 CH
362 3873 461 3933 REM
484 3872 575 3930 Non:
591 3875 639 3930 sed
653 3873 864 3947 putrefactam,
879 3881 911 3930 ut
924 3873 991 3932 milri
1005 3871 1116 3929 rideris.

301 3951 373 4010 AN.
397 3948 497 4028 Itaque
509 3954 639 4030 proiecto
656 3972 705 4028 per
721 3957 836 4011 annium
850 3973 894 4012 me
907 3955 1029 4011 transire
1043 3954 1152 4011 feceris.

302 4030 459 4093 CHREM.
481 4033 510 4095 Si
522 4024 1083 4111 quidomisannlnssitcribricirculus.
1420 4082 1421 4087 ,

301 4113 373 4173 AN.
395 4113 449 4173 Sed
463 4135 571 4192 eccum,
586 4117 663 4191 ipsus
677 4116 723 4174 hic
736 4117 850 4174 advenit
862 4119 1101 4189 adolescentulus,
1115 4116 1150 4172 de
1172 4132 1228 4187 qno
1242 4113 1346 4170 dudum
1420 4120 1421 4191 ᾗ

264 4212 435 4268 conqueror.
477 4195 598 4256 Videtur
612 4197 814 4257 comissatum
807 4217 858 4255 rre.

303 4273 458 4340 CHREM.
480 4277 634 4356 Apparet.
664 4277 811 4340 Coronam
824 4278 928 4347 etenim
940 4283 1051 4356 gestans
1064 4282 1094 4338 et
1107 4277 1196 4337 lacem
1210 4275 1329 4336 incedit.
