2875 4984
269 373 358 453 'ese
556 378 1166 449 sn1srorus1tssvnsrru.

300 576 305 583 ·
336 541 449 621 uult.
467 538 539 615 Qu
550 543 643 605 latere
654 540 932 619 magnaritorquet·
972 536 1019 604 lin
1030 547 1063 603 nt
1072 541 1151 603 uaris
1162 539 1263 619 ungit,
1277 544 1317 601 et
1328 558 1395 600 rer·

296 624 498 688 bltrasonat!
887 662 889 665 -

337 705 498 768 XANTH.
519 704 594 765 Bibe
605 706 791 766 helleborum.

332 786 452 849 PHIL.
464 784 544 847 Ferit
555 786 747 867 Phrynichus,
761 792 795 867 ut
805 786 938 863 gallus-

334 867 506 944 (XANTH.
527 867 568 927 Ni
580 886 705 942 carum,
718 866 845 933 calcibus
854 885 899 927 mo
910 867 1022 941 terite.)

334 947 446 1008 PHIL.
467 946 598 1009 Vibrctis
610 950 640 1007 in
652 951 740 1006 altum
754 948 879 1007 cunone
892 950 999 1007 micans
1012 967 1021 1007 ε
1043 945 1105 1007 biat
1116 948 1222 1023 podex.

334 1027 499 1089 xANufl.
520 1028 588 1100 Quo
601 1031 632 1089 in
645 1031 711 1089 loco
725 1036 754 1087 te
765 1046 879 1089 moveas
891 1030 965 1087 vide.

295 1136 299 1143 -
334 1107 444 1169 Ptin..
462 1109 551 1171 Nunc
562 1113 636 1169 euim
648 1112 677 1169 iu
691 1110 797 1167 nostris
809 1108 1064 1169 artubus-vertitur
1075 1109 1172 1167 laxum
1187 1108 1388 1167 acetabulum.

296 1246 300 1253 .
332 1188 454 1251 Buui.
474 1191 555 1253 Nibil
570 1191 755 1265 bercleboni‚
768 1190 809 1249 nil
822 1190 973 1266 prolect03
996 1190 1192 1248 sedtnrerbic
1199 1190 1320 1262 quidem
1328 1200 1383 1248 est.

333 1269 439 1330 Puri..
460 1273 525 1349 Age
537 1290 614 1331 nnuc
626 1272 734 1330 edieem
747 1278 777 1329 et
798 1288 962 1346 provocem,
979 1273 1027 1345 qui
1049 1288 1159 1329 mecum
1181 1278 1310 1329 certent.
1355 1270 1384 1328 Si

287 1350 355 1426 quis
368 1354 512 1428 tragedus
524 1360 652 1410 autumat
663 1371 693 1409 ee
705 1352 777 1409 scite
788 1351 902 1423 saltere,
917 1352 976 1411 buc
993 1352 1111 1413 accedat
1122 1367 1232 1411 mecum
1246 1351 1385 1411 decerte-

293 1440 373 1492 tnrns
385 1433 548 1494 saltatione.
588 1434 728 1509 nisque,
742 1430 899 1493 ennemot

291 1564 298 1573 .
330 1511 451 1575 BDEL.
470 1513 552 1574 Unus
565 1516 718 1575 istoscine.

327 1591 438 1654 Ptin.
459 1594 530 1663 Qun
543 1596 592 1654 ifle
603 1601 647 1653 est
659 1594 784 1653 infelix?

330 1671 448 1733 BDEL.
468 1674 561 1734 Filius
573 1676 690 1734 Carcini
702 1674 819 1733 medius.
898 1672 902 1677 ’

328 1751 436 1813 Plllb.
457 1758 501 1813 At
521 1758 575 1815 iste
594 1756 816 1815 absorbebitur:
838 1770 903 1811 nam
924 1754 1016 1829 ipsum
1037 1754 1173 1829 perimam
1194 1753 1331 1829 impactis
1351 1756 1381 1813 in

289 1852 437 1893 numerum
450 1840 572 1911 pugnis:
594 1845 637 1895 est
648 1838 724 1895 enin
737 1836 863 1913 rhythmi
875 1851 992 1908 prorsus
1005 1834 1164 1909 imperitus.
1249 1894 1252 1899 ,

328 1912 444 1975 Buten.
465 1918 532 1990 Sed,
546 1917 566 1975 d
579 1920 673 1992 miser,
688 1918 760 1975 abus
773 1916 914 1991 tragedus
928 1913 1073 1975 Carcinite
1086 1917 1173 1992 veuit,
1187 1916 1262 1974 illius
1276 1916 1378 1977 frater.

327 1992 439 2055 Pflun.
459 1998 574 2073 Edepol
586 2016 655 2073 ergo
667 2002 825 2056 obsonator
839 2014 912 2055 sum.

220 2074 226 2085 '
326 2073 445 2138 Boni..
467 2077 548 2137 Nibit
568 2078 665 2137 bercle
683 2079 773 2154 aliud,
798 2094 883 2151 quam
906 2078 1057 2137 barcinon:
1088 2095 1154 2135 narn
1174 2075 1286 2135 aceedit
1308 2079 1381 2136 alius

282 2158 370 2216 etiam
385 2158 506 2217 tiliorum
518 2158 642 2235 Cercini.
1059 2223 1062 2227 ,

327 2236 437 2298 Puri.
456 2240 536 2309 Quid
554 2242 612 2297 boc
632 2239 674 2297 rei
694 2244 749 2315 est,
764 2240 843 2313 quod
864 2237 999 2314 adrepiti
1020 2240 1239 2297 ecembulumue
1257 2256 1297 2297 an
1310 2258 1377 2297 ara.

284 2318 379 2377 neus?
1421 2332 1422 2355 ³

325 2396 443 2459 BDEL.
471 2397 641 2460 Pinnetem
663 2399 717 2461 iste
735 2404 779 2464 eet
799 2398 831 2457 in
854 2400 909 2458 bac
926 2398 1045 2475 tamilla,
1070 2399 1200 2458 minimus
1218 2404 1304 2477 natu,
1330 2401 1377 2475 qui

283 2480 546 2554 tragediamtecit.

323 2557 431 2621 PHIL.
452 2558 481 2617 0
501 2558 634 2635 Carcine,
657 2559 677 2619 d
698 2559 770 2617 felix
791 2559 947 2619 liberorum
970 2559 1070 2634 prole!
1090 2565 1199 2633 quanta
1218 2560 1373 2621 multitudo

279 2639 388 2700 decidit
399 2640 595 2701 orcbilorcm!
626 2642 680 2701 Sed
692 2642 723 2697 in
736 2647 877 2699 certamen
891 2647 994 2702 contre
1007 2660 1058 2701 eos
1075 2642 1304 2701 descendendum
1319 2650 1370 2719 est,

280 2720 305 2779 d
313 2725 408 2781 miser.
447 2718 574 2781 Moriens
586 2725 672 2782 misce
682 2721 755 2798 istis,
769 2722 793 2779 si
804 2724 910 2779 vicero.
1420 2788 1421 2793 η

317 2801 444 2862 CHOR.
465 2801 596 2877 Agedum
619 2822 672 2862 nos
693 2820 790 2861 omues
813 2805 928 2876 paulum
941 2800 1211 2879 concedemusillis,
1226 2808 1259 2861 ut
1281 2804 1371 2864 libers
1420 2818 1421 2877 t

278 2889 416 2943 antenus
428 2885 550 2942 turbinis
563 2887 652 2943 instar
666 2889 777 2942 rement
789 2900 819 2940 se
831 2883 919 2957 ipsos.
1420 2882 1421 2899 ¹

321 2964 415 3025 SEM.
436 2964 568 3038 Agite‚d
592 2966 766 3023 celeberrimi
786 2962 834 3033 filii
857 2961 947 3038 putris
968 2962 1081 3037 marini,
1094 2962 1197 3021 saltate
1207 2963 1370 3039 juxtuare.

282 3051 393 3103 namet
414 3045 481 3104 litus
494 3046 578 3104 maris
600 3046 714 3118 sterilis,
729 3044 892 3117 squillarum
906 3044 1020 3103 tratres.
1042 3041 1178 3103 Velocem
1194 3045 1297 3119 pedem
1311 3048 1368 3123 agi.

280 3131 342 3182 tote
354 3125 385 3181 in
397 3127 506 3197 orbern,
520 3132 550 3183 et
562 3126 591 3182 in
605 3144 712 3183 morem
725 3118 882 3199 Phrynicbi
896 3126 986 3182 calces
1000 3126 1063 3197 quis
1075 3126 1181 3198 vibret,
1196 3133 1231 3182 ut
1242 3126 1368 3185 ridentes

278 3222 367 3262 crura
379 3221 488 3261 sursum
498 3204 620 3278 jactata,
633 3225 697 3263 cnm
711 3205 898 3263 admiratione
910 3207 1071 3263 exclament
1083 3210 1272 3279 spectatores.

320 3282 412 3341 SEM.
433 3282 528 3342 Versa
548 3293 577 3352 te
588 3287 691 3362 ipsum,
705 3288 763 3343 duc
775 3301 874 3361 gyros,
888 3290 1014 3345 ventrem
1038 3293 1119 3342 tuum
1132 3286 1197 3359 leri,
1209 3286 1291 3359 jectu
1304 3306 1367 3347 crus
1419 3310 1420 3337 l

279 3364 411 3438 sublime,
420 3366 549 3423 turbines
561 3365 642 3425 iant.
683 3364 796 3426 Etenim
809 3366 869 3438 ipse
883 3383 997 3441 quoque
1008 3365 1136 3440 adeerpit
1149 3376 1231 3441 peter
1240 3368 1366 3441 istorum,
1419 3340 1420 3425 i

280 3453 417 3520 regnetur
436 3448 532 3514 maris,
547 3448 629 3504 letus
652 3446 715 3505 tiliis
727 3449 797 3522 suis,
812 3448 904 3505 tribus
926 3448 1108 3507 saltatoribus
1121 3450 1194 3506 bene
1207 3450 1362 3521 pecullstis.
1419 3478 1420 3504 r

277 3526 346 3600 Sed,
361 3529 384 3583 ei
406 3525 527 3585 libenter
539 3528 659 3603 saltatis,
674 3529 787 3586 educite
808 3546 860 3585 uos
877 3527 1087 3601 quamprimum
1099 3527 1200 3589 torosa
1221 3528 1278 3585 boc
1292 3532 1363 3587 eninr
1418 3572 1419 3583 ,

271 3608 401 3746 ἔζωὴιο
415 3610 505 3668 nemo
526 3610 701 3685 periclitatus
725 3615 779 3684 est,
794 3611 944 3673 esitantem
967 3600 1001 3666 sit
1013 3608 1168 3681 dimitteret
1190 3610 1364 3678 comicorum

316 3705 408 3749 orum.
