2875 4984
536 394 674 460 sves
784 350 788 359 ’
1075 392 1133 453 sor

34 553 104 610 urim
115 571 228 628 genera
241 554 418 629 ssimslium,
431 571 493 630 ques
508 554 607 615 omnia
616 558 647 615 iu
660 560 740 615 terra
748 570 784 613 ex
798 554 895 633 calyce
909 550 1126 629 progerminar-

34 635 77 690 tie
90 638 269 710 oresoraci,
278 637 482 710 arboribusque
496 637 660 711 insidentia,
674 637 784 695 tructus
796 637 1007 710 depascuntur:
1029 634 1133 699 tuden,

35 714 170 790 conficio,
187 735 260 789 quae
270 718 370 775 hortos
383 719 520 777 odoratos
532 725 718 793 corrumpunt
731 718 856 791 pessimis
864 719 955 775 modis
967 736 976 787 ;
998 717 1127 789 reptilia·
1244 746 1263 773 a

35 812 89 865 que
100 803 132 851 et
146 797 247 855 noxia
258 804 397 856 venenato
410 818 516 873 morsu,
528 810 666 874 quantum
678 818 777 859 eorum
801 807 854 873 est,
869 801 897 857 ri
918 801 1027 857 marum
1039 810 1126 855 ,mea-

35 892 95 931 rum
111 874 320 936 internecione
331 886 463 952 pereunt.

71 955 208 1015 CHOR.
232 958 430 1017 llacmaxirne
452 962 499 1019 die
519 980 572 1036 per
591 978 752 1035 preconem
776 960 990 1036 promulgator:
1012 960 1037 1017 si
1060 957 1124 1031 quis

35 1036 162 1095 restrum
176 1038 338 1115 Diagoram
351 1041 503 1100 interficiat
516 1041 649 1116 Melium,
664 1041 788 1117 accipiet
801 1044 939 1100 talentum
951 1060 960 1099 r
990 1040 1087 1100 itidem
1100 1038 1125 1099 si

35 1116 246 1179 &tunctorum
259 1127 446 1195 tyrannorum
459 1126 619 1198 quempiam
633 1124 693 1195 quis
706 1122 828 1194 occidat,
841 1125 978 1181 talentum
992 1119 1125 1195 accipiet.

36 1194 95 1253 Nos
107 1200 204 1274 igitur
218 1202 305 1259 etiam
319 1204 373 1260 ista
384 1221 462 1261 nunc
475 1206 521 1261 hic
531 1206 711 1279 promulgare
720 1206 851 1262 volumus
864 1225 872 1261 ε
894 1204 919 1261 si
928 1201 1127 1277 quisrestrbm

36 1273 237 1340 Philocratem
249 1282 386 1341 occiderit
404 1284 570 1361 Struthium,
585 1287 722 1342 talentum
743 1286 885 1359 accipiet:
906 1285 950 1341 sin
965 1287 1058 1342 risum
1073 1282 1126 1343 ad·

36 1357 162 1434 duxerit,
177 1370 330 1436 quatuor3
352 1366 417 1437 quia
439 1366 558 1439 trigillas
579 1366 727 1441 colligans,
740 1372 871 1439 septenos
894 1366 983 1424 obolo
1005 1366 1124 1433 sendit3

37 1442 132 1498 turdos
152 1444 258 1502 itidem
281 1445 394 1502 sufflans
418 1448 511 1519 palam
532 1445 666 1521 ostendit,
683 1451 713 1503 et
734 1447 849 1521 indigns
873 1446 980 1516 habet,
1010 1447 1125 1505 merulis

37 1519 157 1579 chamin
168 1541 258 1581 nares
271 1524 399 1583 immittit
411 1545 539 1601 pennas3
560 1528 742 1601 similiterque
754 1526 970 1601 comprehensas
981 1529 1125 1586 columbas

39 1596 121 1659 hahet
138 1604 279 1681 inclusas,
295 1606 422 1679 aliasque
442 1608 596 1682 cogitares
615 1608 731 1681 illicere,
746 1608 776 1664 in
789 1608 844 1665 reti
865 1606 1011 1679 deligatas.
1052 1607 1125 1667 Hac

37 1682 184 1749 publicare
196 1688 353 1745 volumusr
376 1694 405 1745 et
417 1688 441 1746 si
454 1689 517 1761 quis
529 1688 655 1747 vestrim
668 1704 733 1745 eres
746 1688 804 1745 alst
818 1688 965 1746 conclusas
978 1688 1009 1745 in
1022 1690 1124 1759 caseis,

37 1762 169 1823 edicimus
181 1772 219 1824 ut
233 1767 400 1826 dimittetis:
423 1770 501 1841 quod
514 1770 538 1827 si
551 1787 657 1829 morem
671 1786 730 1827 non
743 1769 892 1845 gesseritis,
905 1786 957 1827 sos
975 1772 1011 1827 ab
1024 1771 1125 1829 ssibus

38 1846 240 1917 comprehensi
251 1848 370 1907 iurieem
382 1850 460 1924 apud
472 1868 525 1908 nos
539 1852 636 1923 vincti,
650 1849 740 1908 illices
752 1850 842 1908 eritis.

73 1921 167 1985 SEM.
189 1927 224 1987 0
239 1928 417 1988 fortunatam
435 1931 597 1989 volucrium
615 1939 727 2006 gentem
744 1932 850 2003 arium,
868 1948 929 2004 quae
940 1929 1031 1987 hieme
1044 1932 1124 1989 laenis

40 2004 145 2063 &uicta
154 2026 221 2067 non
235 2016 320 2067 sonte
342 2028 435 2085 neque
448 2027 544 2069 rursus
556 2012 652 2069 calore
661 2030 716 2069 uos
724 2018 815 2069 urunt
828 2018 912 2069 aestus
926 2014 984 2069 iste
995 2013 1125 2086 resplen.

41 2082 134 2143 dentes
147 2090 227 2147 rsdii
240 2108 249 2149 r
271 2090 320 2149 sed
333 2091 436 2149 florida
444 2110 495 2164 per
505 2092 731 2165 prataioliorum
742 2092 770 2147 iu
781 2092 894 2166 premiis
908 2094 1018 2167 incolo,
1030 2109 1124 2164 qusn.

39 2162 74 2219 db
86 2169 256 2230 meridianis
267 2173 336 2229 solis
349 2171 497 2231 ardoribus
509 2172 614 2231 furiata
626 2173 747 2231 stridula
766 2179 844 2230 rates
858 2178 989 2247 argutum
1007 2180 1125 2231 resonat
1238 2200 1240 2205 ¹

41 2246 144 2305 melos:
164 2251 289 2311 hiemem
300 2270 372 2310 sero
392 2255 519 2329 transigo
541 2256 619 2313 caris
641 2255 671 2311 in
693 2250 796 2327 antris,
811 2254 957 2311 colludens
980 2251 1125 2331 Nymphis

40 2329 203 2389 monticolis
216 2351 227 2404 ;
248 2351 404 2405 vernasque
415 2336 593 2409 depascimur
606 2336 745 2411 virgineas
757 2341 788 2394 et
810 2334 942 2394 candidas
956 2334 1044 2413 myrti
1056 2336 1125 2393 buc·

43 2420 96 2476 ear,
111 2405 343 2485 Gmtiasumque
357 2415 499 2474 hortulos.

77 2484 205 2551 CHOR.
228 2490 250 2552 J
252 2495 378 2553 udicibss
385 2497 493 2569 aliquid
505 2498 599 2555 dicere
606 2498 738 2556 volumus
748 2498 784 2556 de
795 2496 927 2572 victoria,
942 2514 1026 2571 quam
1038 2494 1061 2554 si
1070 2512 1123 2555 no.

39 2560 77 2620 bis
86 2570 331 2650 adjudicaverint,
345 2578 378 2634 iis
389 2578 517 2635 omnibus
526 2581 603 2636 bona
613 2579 775 2653 largiemur,
790 2577 874 2635 itaut
893 2578 970 2634 dous
981 2578 1125 2652 accipiant

43 2648 128 2707 nnlto
142 2653 263 2729 majoris
275 2659 361 2731 preti,
375 2675 460 2731 quam
480 2659 532 2717 illa
546 2658 641 2715 Paridi
662 2660 738 2716 dato.
780 2657 905 2715 Primum
926 2660 1024 2733 igitur,
1041 2658 1126 2731 cujus

43 2727 79 2783 rei
90 2735 217 2793 maxime
230 2740 319 2795 omnis
330 2738 422 2813 judex
436 2739 557 2813 cupidus
569 2746 622 2810 est,
637 2745 749 2795 uoctuae
764 2756 910 2809 nunquam
931 2755 983 2795 ros
1005 2740 1126 2796 destitu-

44 2814 90 2865 ent
102 2808 293 2892 teunoueae,
306 2820 356 2875 sed
383 2820 457 2877 intus
467 2820 678 2893 inhabitabunt,
694 2825 724 2876 et
737 2820 766 2877 iu
779 2818 925 2891 marsupiis
938 2819 1038 2875 restris
1052 2819 1124 2876 nidi-

43 2884 175 2966 hubone,
198 2899 408 2972 exoludeotque
420 2902 546 2959 minutos
560 2901 733 2957 nummulos.
773 2896 917 2957 Praeterea
936 2903 1073 2971 tanquam
1093 2900 1124 2959 iu

44 2970 150 3044 templis
174 2975 363 3038 habitabitisr
385 2982 488 3038 adium
500 2982 574 3039 euim
585 2989 744 3039 vestrarum
769 2981 850 3038 tectis
863 2980 964 3053 pinnas
977 2978 1121 3037 addemus.

45 3043 82 3104 Et
92 3052 116 3109 si
129 3054 212 3114 torte
225 3061 287 3132 apti
295 3059 408 3119 fueritis
417 3064 626 3136 magistratum,
638 3068 668 3120 et
676 3063 745 3133 quid
755 3060 899 3133 surripere
908 3060 1065 3133 volueritis,
1077 3078 1125 3118 ce-

45 3124 125 3189 lerem
138 3136 227 3195 vobis
239 3140 270 3196 iu
280 3159 381 3199 manus
395 3144 561 3216 accipitrem
574 3144 712 3200 dabimus.
754 3142 784 3201 Si
805 3159 873 3198 rero
895 3141 991 3214 aliquo
1015 3140 1052 3197 sd
1066 3159 1125 3201 cus-

45 3222 105 3268 uam
117 3218 203 3294 eatis,
218 3221 297 3294 gulas
310 3222 393 3280 robis
412 3224 565 3281 mittemus.
605 3222 653 3281 Sin
672 3224 822 3281 victoriam
844 3222 927 3280 uobis
940 3220 1125 3298 abjudicetis,

45 3299 140 3352 curate
152 3300 237 3357 robis
249 3302 365 3360 lunulas
386 3302 566 3379 fabricarier,
579 3308 710 3377 tauquam
723 3304 823 3362 statuis
836 3322 845 3361 τ
876 3320 942 3361 nam
963 3302 1126 3375 quicunque

45 3375 166 3436 'blitum
179 3381 308 3439 lunulam
322 3400 382 3441 uon
403 3379 532 3459 habebit,
547 3387 662 3457 quando
686 3386 807 3443 eandida
828 3385 903 3443 laena
925 3385 1002 3441 eritis
1025 3384 1125 3453 induti,

45 3452 111 3585 glus
134 3461 260 3536 maxime
281 3481 381 3541 poenas
403 3464 616 3545 nobisdabitis,
630 3467 711 3525 utab
724 3466 853 3527 omuibus
866 3464 963 3523 aribus
988 3481 1125 3524 concaca-

70 3550 118 3595 rnr.

93 3741 778 3858 P1sTuuTAEuus,NUNu11‚cu0uUS,
795 3774 885 3851 mu,
899 3772 1065 3853 reuco,

200 3904 446 3987 surnrorm,
460 3906 656 3989 cmusrss,
670 3906 961 3969 srcornsuru.

81 4075 208 4149 Pls'ru.
230 4086 469 4171 Pulcherrime,'d
482 4110 560 4168 ares,
574 4092 823 4153 sacrislitarimus.
851 4092 895 4149 At
913 4089 1016 4153 mirum
1029 4106 1128 4151 amre·
1165 4110 1166 4117 ¹

49 4158 123 4221 uibus
135 4160 247 4229 nullum
259 4172 355 4233 adhue
366 4176 462 4234 adesse
475 4176 621 4252 nuntium,
634 4193 673 4245 ex
688 4192 745 4248 quo
769 4190 985 4250 cognoscamus,
999 4190 1064 4248 que
1085 4170 1127 4231 ibi

49 4251 185 4311 serantur.
226 4249 334 4314 Eccum
346 4274 416 4316 sero
429 4256 670 4400 occurrit2aliquis
683 4254 827 4330 Alpheum
838 4254 959 4330 spirans.

121 4342 191 4390 ron.
209 4346 254 4392 rr.
530 4393 535 4401 l
584 4354 606 4400 e
