<?xml version="1.0" encoding="UTF-8"?>
<!DOCTYPE html PUBLIC "-//W3C//DTD XHTML 1.0 Transitional//EN"
    "http://www.w3.org/TR/xhtml1/DTD/xhtml1-transitional.dtd">
<html xmlns="http://www.w3.org/1999/xhtml" xml:lang="en" lang="en">
 <head>
  <title>
</title>
<meta http-equiv="Content-Type" content="text/html;charset=utf-8" />
  <meta name='ocr-system' content='tesseract 3.04.00' />
  <meta name='ocr-capabilities' content='ocr_page ocr_carea ocr_par ocr_line ocrx_word'/>
</head>
<body>
  <div class='ocr_page' id='page_1' title='image "aristophaniscom00brungoog_0128.png"; bbox 0 0 2875 4984; ppageno 0'>
   <div class='ocr_carea' id='block_1_1' title="bbox 291 353 1001 428">
    <p class='ocr_par' dir='ltr' id='par_1_1' title="bbox 291 353 1001 428">
     <span class='ocr_line' id='line_1_1' title="bbox 291 353 1001 428; baseline 0.011 -13"><span class='ocrx_word' id='word_1_1' title='bbox 291 363 351 428; x_wconf 67' lang='grc' dir='ltr'><strong><em>ιω</em></strong></span> <span class='ocrx_word' id='word_1_2' title='bbox 609 353 1001 424; x_wconf 73' lang='lat' dir='ltr'>ARISTOPHANIS</span> 
     </span>
    </p>
   </div>
   <div class='ocr_carea' id='block_1_2' title="bbox 200 515 1420 4562">
    <p class='ocr_par' dir='ltr' id='par_1_2' title="bbox 200 515 1420 4562">
     <span class='ocr_line' id='line_1_2' title="bbox 329 515 602 584; baseline -0.018 0"><span class='ocrx_word' id='word_1_3' title='bbox 329 517 433 584; x_wconf 64' lang='lat' dir='ltr'><strong><em>Mun</em></strong></span> <span class='ocrx_word' id='word_1_4' title='bbox 447 515 507 582; x_wconf 83' lang='lat' dir='ltr'><strong><em>lx.</em></strong></span> <span class='ocrx_word' id='word_1_5' title='bbox 572 538 602 580; x_wconf 91' lang='grc' dir='ltr'><strong><em>ο.</em></strong></span> 
     </span>
     <span class='ocr_line' id='line_1_3' title="bbox 330 517 1380 684; baseline 0.004 -21"><span class='ocrx_word' id='word_1_6' title='bbox 330 602 455 663; x_wconf 76' lang='grc' dir='ltr'><strong>ΡΒΑΧ.</strong></span> <span class='ocrx_word' id='word_1_7' title='bbox 475 517 630 680; x_wconf 54' lang='lat' dir='ltr'><strong><em>Agesslsrgo</em></strong></span> <span class='ocrx_word' id='word_1_8' title='bbox 651 619 811 663; x_wconf 74' lang='lat' dir='ltr'><strong><em>coronare:</em></strong></span> <span class='ocrx_word' id='word_1_9' title='bbox 833 619 878 662; x_wconf 84' lang='lat' dir='ltr'><strong><em>res</em></strong></span> <span class='ocrx_word' id='word_1_10' title='bbox 901 600 1010 676; x_wconf 86' lang='lat' dir='ltr'><strong><em>quippe</em></strong></span> <span class='ocrx_word' id='word_1_11' title='bbox 1035 618 1113 660; x_wconf 87' lang='lat' dir='ltr'><strong><em>nune</em></strong></span> <span class='ocrx_word' id='word_1_12' title='bbox 1132 599 1246 678; x_wconf 67' lang='lat' dir='ltr'><strong><em>agilum</em></strong></span> <span class='ocrx_word' id='word_1_13' title='bbox 1277 604 1380 684; x_wconf 79' lang='lat' dir='ltr'><strong><em>deque</em></strong></span> 
     </span>
     <span class='ocr_line' id='line_1_4' title="bbox 292 682 1192 768; baseline -0.006 -22"><span class='ocrx_word' id='word_1_14' title='bbox 292 702 409 762; x_wconf 83' lang='lat' dir='ltr'><strong><em>operum</em></strong></span> <span class='ocrx_word' id='word_1_15' title='bbox 422 688 457 741; x_wconf 87' lang='lat' dir='ltr'><strong><em>ut</em></strong></span> <span class='ocrx_word' id='word_1_16' title='bbox 468 682 589 742; x_wconf 80' lang='lat' dir='ltr'><strong><em>viriliter</em></strong></span> <span class='ocrx_word' id='word_1_17' title='bbox 603 690 633 742; x_wconf 85' lang='lat' dir='ltr'><strong><em>et</em></strong></span> <span class='ocrx_word' id='word_1_18' title='bbox 644 684 738 768; x_wconf 80' lang='lat' dir='ltr'><strong><em>probe</em></strong></span> <span class='ocrx_word' id='word_1_19' title='bbox 748 682 839 758; x_wconf 79' lang='lat' dir='ltr'><strong><em>dicus,</em></strong></span> <span class='ocrx_word' id='word_1_20' title='bbox 853 685 957 742; x_wconf 76' lang='lat' dir='ltr'><strong><em>baculo</em></strong></span> <span class='ocrx_word' id='word_1_21' title='bbox 969 684 1072 742; x_wconf 85' lang='lat' dir='ltr'><strong><em>decors</em></strong></span> <span class='ocrx_word' id='word_1_22' title='bbox 1084 684 1192 742; x_wconf 81' lang='lat' dir='ltr'><strong><em>innixa.</em></strong></span> 
     </span>
     <span class='ocr_line' id='line_1_5' title="bbox 328 762 1376 842; baseline 0 -18"><span class='ocrx_word' id='word_1_23' title='bbox 328 763 430 824; x_wconf 82' lang='lat' dir='ltr'>MUL.</span> <span class='ocrx_word' id='word_1_24' title='bbox 451 762 511 823; x_wconf 87' lang='lat' dir='ltr'><strong><em>lx.</em></strong></span> <span class='ocrx_word' id='word_1_25' title='bbox 533 767 673 841; x_wconf 74' lang='lat' dir='ltr'><strong><em>Profecto</em></strong></span> <span class='ocrx_word' id='word_1_26' title='bbox 687 771 834 842; x_wconf 74' lang='lat' dir='ltr'><strong><em>optassem</em></strong></span> <span class='ocrx_word' id='word_1_27' title='bbox 855 766 1019 840; x_wconf 78' lang='lat' dir='ltr'><strong><em>quempiam</em></strong></span> <span class='ocrx_word' id='word_1_28' title='bbox 1037 782 1152 839; x_wconf 89' lang='lat' dir='ltr'><strong><em>eorum,</em></strong></span> <span class='ocrx_word' id='word_1_29' title='bbox 1175 767 1227 842; x_wconf 81' lang='lat' dir='ltr'><strong><em>qni</em></strong></span> <span class='ocrx_word' id='word_1_30' title='bbox 1248 766 1376 826; x_wconf 82' lang='lat' dir='ltr'><strong><em>dicendo</em></strong></span> 
     </span>
     <span class='ocr_line' id='line_1_6' title="bbox 290 845 1378 924; baseline -0.001 -17"><span class='ocrx_word' id='word_1_31' title='bbox 290 850 405 908; x_wconf 85' lang='lat' dir='ltr'><strong><em>assueti</em></strong></span> <span class='ocrx_word' id='word_1_32' title='bbox 416 851 497 920; x_wconf 83' lang='lat' dir='ltr'><strong><em>sunl,</em></strong></span> <span class='ocrx_word' id='word_1_33' title='bbox 510 863 548 905; x_wconf 87' lang='lat' dir='ltr'><strong><em>eo</em></strong></span> <span class='ocrx_word' id='word_1_34' title='bbox 560 847 669 922; x_wconf 88' lang='lat' dir='ltr'><strong><em>dicere,</em></strong></span> <span class='ocrx_word' id='word_1_35' title='bbox 685 865 748 922; x_wconf 81' lang='lat' dir='ltr'><strong><em>quoe</em></strong></span> <span class='ocrx_word' id='word_1_36' title='bbox 768 848 882 924; x_wconf 79' lang='lat' dir='ltr'><strong><em>optima</em></strong></span> <span class='ocrx_word' id='word_1_37' title='bbox 894 847 966 917; x_wconf 82' lang='lat' dir='ltr'><strong><em>sini,</em></strong></span> <span class='ocrx_word' id='word_1_38' title='bbox 984 850 1019 902; x_wconf 83' lang='lat' dir='ltr'><strong><em>nt</em></strong></span> <span class='ocrx_word' id='word_1_39' title='bbox 1031 845 1161 904; x_wconf 89' lang='lat' dir='ltr'><strong><em>sederem</em></strong></span> <span class='ocrx_word' id='word_1_40' title='bbox 1184 849 1321 906; x_wconf 79' lang='lat' dir='ltr'><strong><em>otiosus.-</em></strong></span> <span class='ocrx_word' id='word_1_41' title='bbox 1340 855 1378 906; x_wconf 81' lang='lat' dir='ltr'><strong><em>ni</em></strong></span> 
     </span>
     <span class='ocr_line' id='line_1_7' title="bbox 205 927 1378 1007; baseline -0.001 -19"><span class='ocrx_word' id='word_1_42' title='bbox 205 939 214 962; x_wconf 79' lang='lat'>⁸</span> <span class='ocrx_word' id='word_1_43' title='bbox 289 946 368 988; x_wconf 88' lang='lat' dir='ltr'><strong><em>nune</em></strong></span> <span class='ocrx_word' id='word_1_44' title='bbox 381 946 418 987; x_wconf 93' lang='lat' dir='ltr'><strong><em>ne</em></strong></span> <span class='ocrx_word' id='word_1_45' title='bbox 433 945 522 985; x_wconf 88' lang='lat' dir='ltr'><strong><em>onam</em></strong></span> <span class='ocrx_word' id='word_1_46' title='bbox 542 943 704 1007; x_wconf 78' lang='lat' dir='ltr'><strong><em>conponam</em></strong></span> <span class='ocrx_word' id='word_1_47' title='bbox 726 929 987 1001; x_wconf 80' lang='lat' dir='ltr'><strong><em>sivero,qnantnm</em></strong></span> <span class='ocrx_word' id='word_1_48' title='bbox 1000 927 1115 1002; x_wconf 78' lang='lat' dir='ltr'><strong><em>quidem</em></strong></span> <span class='ocrx_word' id='word_1_49' title='bbox 1138 945 1205 984; x_wconf 90' lang='lat' dir='ltr'><strong><em>mea</em></strong></span> <span class='ocrx_word' id='word_1_50' title='bbox 1222 932 1378 987; x_wconf 80' lang='lat' dir='ltr'><strong><em>sententia</em></strong></span> 
     </span>
     <span class='ocr_line' id='line_1_8' title="bbox 287 1004 1376 1098; baseline 0 -30"><span class='ocrx_word' id='word_1_51' title='bbox 287 1009 430 1083; x_wconf 83' lang='lat' dir='ltr'><strong><em>voluerii,</em></strong></span> <span class='ocrx_word' id='word_1_52' title='bbox 443 1010 476 1066; x_wconf 88' lang='lat' dir='ltr'><strong><em>in</em></strong></span> <span class='ocrx_word' id='word_1_53' title='bbox 490 1009 656 1067; x_wconf 87' lang='lat' dir='ltr'><strong><em>diversorio</em></strong></span> <span class='ocrx_word' id='word_1_54' title='bbox 670 1025 724 1065; x_wconf 87' lang='lat' dir='ltr'><strong><em>suo</em></strong></span> <span class='ocrx_word' id='word_1_55' title='bbox 748 1007 828 1065; x_wconf 86' lang='lat' dir='ltr'><strong><em>loeus</em></strong></span> <span class='ocrx_word' id='word_1_56' title='bbox 840 1008 1040 1083; x_wconf 75' lang='lat' dir='ltr'><strong><em>oquoefocere.</em></strong></span> <span class='ocrx_word' id='word_1_57' title='bbox 1080 1004 1162 1077; x_wconf 69' lang='lat' dir='ltr'><strong><em>Mine·</em></strong></span> <span class='ocrx_word' id='word_1_58' title='bbox 1180 1008 1295 1098; x_wconf 69' lang='lat' dir='ltr'><strong><em>quidem</em></strong></span> <span class='ocrx_word' id='word_1_59' title='bbox 1310 1028 1376 1068; x_wconf 89' lang='lat' dir='ltr'><strong><em>non</em></strong></span> 
     </span>
     <span class='ocr_line' id='line_1_9' title="bbox 284 1085 1034 1170; baseline -0.004 -22"><span class='ocrx_word' id='word_1_60' title='bbox 284 1090 397 1170; x_wconf 79' lang='lat' dir='ltr'><strong><em>placei,</em></strong></span> <span class='ocrx_word' id='word_1_61' title='bbox 409 1107 465 1166; x_wconf 83' lang='lat' dir='ltr'><strong><em>per</em></strong></span> <span class='ocrx_word' id='word_1_62' title='bbox 479 1085 615 1149; x_wconf 82' lang='lat' dir='ltr'><strong><em>Cererem</em></strong></span> <span class='ocrx_word' id='word_1_63' title='bbox 629 1096 659 1147; x_wconf 84' lang='lat' dir='ltr'><strong><em>ei</em></strong></span> <span class='ocrx_word' id='word_1_64' title='bbox 670 1085 931 1165; x_wconf 78' lang='lat' dir='ltr'><strong><em>Proserpinoln-</em></strong></span> <span class='ocrx_word' id='word_1_65' title='bbox 1030 1107 1034 1112; x_wconf 87' lang='lat'><em>·</em></span> 
     </span>
     <span class='ocr_line' id='line_1_10' title="bbox 328 1165 1374 1307; baseline -0.003 -78"><span class='ocrx_word' id='word_1_66' title='bbox 328 1167 456 1307; x_wconf 57' lang='grc' dir='ltr'><strong>ΡῆΑὶξ.</strong></span> <span class='ocrx_word' id='word_1_67' title='bbox 477 1167 540 1228; x_wconf 87' lang='lat' dir='ltr'><strong><em>Per</em></strong></span> <span class='ocrx_word' id='word_1_68' title='bbox 553 1166 689 1230; x_wconf 78' lang='lat' dir='ltr'><strong><em>Cererem</em></strong></span> <span class='ocrx_word' id='word_1_69' title='bbox 702 1174 733 1228; x_wconf 85' lang='lat' dir='ltr'><strong><em>el</em></strong></span> <span class='ocrx_word' id='word_1_70' title='bbox 745 1165 993 1248; x_wconf 70' lang='lat' dir='ltr'><strong><em>Proserpinam?</em></strong></span> <span class='ocrx_word' id='word_1_71' title='bbox 1013 1165 1041 1226; x_wconf 94' lang='grc' dir='ltr'>Ο</span> <span class='ocrx_word' id='word_1_72' title='bbox 1055 1168 1167 1244; x_wconf 79' lang='lat' dir='ltr'><strong><em>misere,</em></strong></span> <span class='ocrx_word' id='word_1_73' title='bbox 1181 1167 1297 1228; x_wconf 79' lang='lat' dir='ltr'>ubinam</span> <span class='ocrx_word' id='word_1_74' title='bbox 1316 1167 1374 1242; x_wconf 78' lang='lat' dir='ltr'><strong><em>tibi</em></strong></span> 
     </span>
     <span class='ocr_line' id='line_1_11' title="bbox 286 1257 423 1315; baseline -0.036 -3"><span class='ocrx_word' id='word_1_75' title='bbox 286 1257 423 1315; x_wconf 74' lang='lat' dir='ltr'><strong><em>mensem</em></strong></span> 
     </span>
     <span class='ocr_line' id='line_1_12' title="bbox 327 1327 1268 1405; baseline 0 -17"><span class='ocrx_word' id='word_1_76' title='bbox 327 1329 430 1390; x_wconf 70' lang='lat' dir='ltr'><strong><em>MUIn</em></strong></span> <span class='ocrx_word' id='word_1_77' title='bbox 446 1329 504 1390; x_wconf 85' lang='lat' dir='ltr'><strong><em>IX.</em></strong></span> <span class='ocrx_word' id='word_1_78' title='bbox 521 1330 599 1400; x_wconf 81' lang='lat' dir='ltr'><strong><em>Quid</em></strong></span> <span class='ocrx_word' id='word_1_79' title='bbox 612 1350 681 1391; x_wconf 81' lang='lat' dir='ltr'><strong><em>reso</em></strong></span> <span class='ocrx_word' id='word_1_80' title='bbox 693 1328 760 1390; x_wconf 75' lang='lat' dir='ltr'><strong><em>esi?</em></strong></span> <span class='ocrx_word' id='word_1_81' title='bbox 781 1327 920 1388; x_wconf 83' lang='lat' dir='ltr'><strong><em>Nondum</em></strong></span> <span class='ocrx_word' id='word_1_82' title='bbox 929 1329 1067 1388; x_wconf 82' lang='lat' dir='ltr'><strong><em>euimuie</em></strong></span> <span class='ocrx_word' id='word_1_83' title='bbox 1080 1328 1150 1405; x_wconf 85' lang='lat' dir='ltr'><strong><em>petii</em></strong></span> <span class='ocrx_word' id='word_1_84' title='bbox 1159 1329 1268 1388; x_wconf 82' lang='lat' dir='ltr'><strong><em>bibere.</em></strong></span> 
     </span>
     <span class='ocr_line' id='line_1_13' title="bbox 324 1409 1370 1486; baseline -0.003 -15"><span class='ocrx_word' id='word_1_85' title='bbox 324 1409 453 1471; x_wconf 82' lang='lat' dir='ltr'>PRAX.</span> <span class='ocrx_word' id='word_1_86' title='bbox 476 1411 548 1470; x_wconf 87' lang='lat' dir='ltr'><strong><em>Non</em></strong></span> <span class='ocrx_word' id='word_1_87' title='bbox 561 1430 649 1472; x_wconf 83' lang='lat' dir='ltr'><strong><em>sune:</em></strong></span> <span class='ocrx_word' id='word_1_88' title='bbox 673 1412 736 1486; x_wconf 85' lang='lat' dir='ltr'><strong><em>sed,</em></strong></span> <span class='ocrx_word' id='word_1_89' title='bbox 758 1428 846 1485; x_wconf 86' lang='lat' dir='ltr'><strong><em>quum</em></strong></span> <span class='ocrx_word' id='word_1_90' title='bbox 868 1412 913 1468; x_wconf 79' lang='lat' dir='ltr'><strong><em>vir</em></strong></span> <span class='ocrx_word' id='word_1_91' title='bbox 937 1411 984 1480; x_wconf 88' lang='lat' dir='ltr'><strong><em>sis,</em></strong></span> <span class='ocrx_word' id='word_1_92' title='bbox 1009 1427 1062 1484; x_wconf 83' lang='lat' dir='ltr'><strong><em>per</em></strong></span> <span class='ocrx_word' id='word_1_93' title='bbox 1086 1409 1222 1472; x_wconf 79' lang='lat' dir='ltr'><strong><em>Cererem</em></strong></span> <span class='ocrx_word' id='word_1_94' title='bbox 1242 1417 1272 1470; x_wconf 79' lang='lat' dir='ltr'><strong><em>st</em></strong></span> <span class='ocrx_word' id='word_1_95' title='bbox 1291 1409 1370 1480; x_wconf 67' lang='lat' dir='ltr'><strong><em>Pro,</em></strong></span> 
     </span>
     <span class='ocr_line' id='line_1_14' title="bbox 287 1490 1209 1569; baseline -0.002 -17"><span class='ocrx_word' id='word_1_96' title='bbox 287 1493 429 1569; x_wconf 84' lang='lat' dir='ltr'><strong><em>serpionm</em></strong></span> <span class='ocrx_word' id='word_1_97' title='bbox 442 1493 565 1568; x_wconf 80' lang='lat' dir='ltr'><strong><em>jurasti:</em></strong></span> <span class='ocrx_word' id='word_1_98' title='bbox 593 1509 756 1568; x_wconf 77' lang='lat' dir='ltr'><strong><em>quanquam</em></strong></span> <span class='ocrx_word' id='word_1_99' title='bbox 769 1497 866 1550; x_wconf 80' lang='lat' dir='ltr'><strong><em>cetera</em></strong></span> <span class='ocrx_word' id='word_1_100' title='bbox 877 1490 1046 1567; x_wconf 84' lang='lat' dir='ltr'><strong><em>lepidissime</em></strong></span> <span class='ocrx_word' id='word_1_101' title='bbox 1059 1491 1156 1550; x_wconf 81' lang='lat' dir='ltr'><strong><em>locutu</em></strong></span> <span class='ocrx_word' id='word_1_102' title='bbox 1169 1511 1209 1566; x_wconf 85' lang='lat' dir='ltr'><strong><em>es,</em></strong></span> 
     </span>
     <span class='ocr_line' id='line_1_15' title="bbox 200 1569 847 1649; baseline 0.005 -21"><span class='ocrx_word' id='word_1_103' title='bbox 200 1619 207 1628; x_wconf 91' lang='lat'><em>.</em></span> <span class='ocrx_word' id='word_1_104' title='bbox 325 1569 430 1633; x_wconf 86' lang='lat' dir='ltr'><strong>MUL.</strong></span> <span class='ocrx_word' id='word_1_105' title='bbox 452 1571 847 1649; x_wconf 73' lang='lat' dir='ltr'><strong><em>lx.0persp01snem!.</em></strong></span> 
     </span>
     <span class='ocr_line' id='line_1_16' title="bbox 324 1651 1372 1731; baseline -0.005 -18"><span class='ocrx_word' id='word_1_106' title='bbox 324 1653 450 1713; x_wconf 86' lang='lat' dir='ltr'>PRAX.</span> <span class='ocrx_word' id='word_1_107' title='bbox 472 1654 587 1731; x_wconf 81' lang='lat' dir='ltr'><strong><em>Desine,</em></strong></span> <span class='ocrx_word' id='word_1_108' title='bbox 600 1672 720 1729; x_wconf 83' lang='lat' dir='ltr'><strong><em>quaeso:</em></strong></span> <span class='ocrx_word' id='word_1_109' title='bbox 735 1653 845 1713; x_wconf 69' lang='lat' dir='ltr'><strong><em>frustm</em></strong></span> <span class='ocrx_word' id='word_1_110' title='bbox 854 1653 928 1712; x_wconf 87' lang='lat' dir='ltr'><strong><em>enim</em></strong></span> <span class='ocrx_word' id='word_1_111' title='bbox 936 1651 1069 1712; x_wconf 85' lang='lat' dir='ltr'><strong><em>concioni</em></strong></span> <span class='ocrx_word' id='word_1_112' title='bbox 1079 1651 1267 1731; x_wconf 77' lang='lat' dir='ltr'><strong><em>interfuerim,</em></strong></span> <span class='ocrx_word' id='word_1_113' title='bbox 1280 1653 1372 1713; x_wconf 86' lang='lat' dir='ltr'><strong><em>nihii.</em></strong></span> 
     </span>
     <span class='ocr_line' id='line_1_17' title="bbox 285 1733 1274 1810; baseline -0.002 -18"><span class='ocrx_word' id='word_1_114' title='bbox 285 1752 342 1808; x_wconf 81' lang='lat' dir='ltr'><strong><em>que</em></strong></span> <span class='ocrx_word' id='word_1_115' title='bbox 356 1736 557 1810; x_wconf 74' lang='lat' dir='ltr'><strong>promoverim,</strong></span> <span class='ocrx_word' id='word_1_116' title='bbox 573 1736 627 1794; x_wconf 87' lang='lat' dir='ltr'><strong><em>nisi</em></strong></span> <span class='ocrx_word' id='word_1_117' title='bbox 639 1754 701 1794; x_wconf 87' lang='lat' dir='ltr'><strong><em>mos</em></strong></span> <span class='ocrx_word' id='word_1_118' title='bbox 714 1734 847 1807; x_wconf 87' lang='lat' dir='ltr'><strong><em>loquendi</em></strong></span> <span class='ocrx_word' id='word_1_119' title='bbox 860 1741 992 1794; x_wconf 78' lang='lat' dir='ltr'><strong><em>amussis</em></strong></span> <span class='ocrx_word' id='word_1_120' title='bbox 1004 1736 1167 1792; x_wconf 80' lang='lat' dir='ltr'><strong><em>observatus</em></strong></span> <span class='ocrx_word' id='word_1_121' title='bbox 1177 1733 1274 1793; x_wconf 78' lang='lat' dir='ltr'><strong><em>luerit.</em></strong></span> 
     </span>
     <span class='ocr_line' id='line_1_18' title="bbox 326 1811 1371 1874; baseline 0 -1"><span class='ocrx_word' id='word_1_122' title='bbox 326 1813 499 1874; x_wconf 62' lang='lat' dir='ltr'><strong><em>Molulx.</em></strong></span> <span class='ocrx_word' id='word_1_123' title='bbox 522 1815 603 1874; x_wconf 81' lang='lat' dir='ltr'><strong><em>Cedo</em></strong></span> <span class='ocrx_word' id='word_1_124' title='bbox 624 1833 782 1874; x_wconf 75' lang='lat' dir='ltr'><strong><em>coronam:</em></strong></span> <span class='ocrx_word' id='word_1_125' title='bbox 812 1832 876 1873; x_wconf 85' lang='lat' dir='ltr'><strong><em>nam</em></strong></span> <span class='ocrx_word' id='word_1_126' title='bbox 892 1832 989 1874; x_wconf 84' lang='lat' dir='ltr'><strong><em>rursus</em></strong></span> <span class='ocrx_word' id='word_1_127' title='bbox 1010 1816 1216 1874; x_wconf 84' lang='lat' dir='ltr'><strong><em>concionabor.</em></strong></span> <span class='ocrx_word' id='word_1_128' title='bbox 1258 1811 1371 1873; x_wconf 84' lang='lat' dir='ltr'><strong><em>Videor</em></strong></span> 
     </span>
     <span class='ocr_line' id='line_1_19' title="bbox 283 1894 1369 1976; baseline -0.001 -21"><span class='ocrx_word' id='word_1_129' title='bbox 283 1897 359 1956; x_wconf 84' lang='lat' dir='ltr'><strong><em>enim</em></strong></span> <span class='ocrx_word' id='word_1_130' title='bbox 373 1896 441 1970; x_wconf 84' lang='lat' dir='ltr'><strong><em>mihi</em></strong></span> <span class='ocrx_word' id='word_1_131' title='bbox 463 1897 531 1957; x_wconf 81' lang='lat' dir='ltr'><strong><em>satis</em></strong></span> <span class='ocrx_word' id='word_1_132' title='bbox 544 1902 611 1976; x_wconf 83' lang='lat' dir='ltr'><strong><em>epte</em></strong></span> <span class='ocrx_word' id='word_1_133' title='bbox 623 1896 772 1973; x_wconf 79' lang='lat' dir='ltr'><strong><em>quippiam</em></strong></span> <span class='ocrx_word' id='word_1_134' title='bbox 794 1897 938 1967; x_wconf 78' lang='lat' dir='ltr'><strong><em>meditatu.</em></strong></span> <span class='ocrx_word' id='word_1_135' title='bbox 979 1894 1192 1973; x_wconf 73' lang='lat' dir='ltr'><strong><em>Milionim,i</em></strong></span> <span class='ocrx_word' id='word_1_136' title='bbox 1215 1894 1369 1972; x_wconf 86' lang='lat' dir='ltr'><strong><em>mulieres,</em></strong></span> 
     </span>
     <span class='ocr_line' id='line_1_20' title="bbox 284 1978 1367 2196; baseline 0 -81"><span class='ocrx_word' id='word_1_137' title='bbox 284 1978 622 2196; x_wconf 49' lang='lat' dir='ltr'><strong><em>quffilllldilgdiddlirn</em></strong></span> <span class='ocrx_word' id='word_1_138' title='bbox 630 2077 742 2138; x_wconf 86' lang='lat' dir='ltr'><strong><em>rursus,</em></strong></span> <span class='ocrx_word' id='word_1_139' title='bbox 752 2055 888 2118; x_wconf 81' lang='lat' dir='ltr'><strong><em>simiselle</em></strong></span> <span class='ocrx_word' id='word_1_140' title='bbox 897 2064 941 2135; x_wconf 88' lang='lat' dir='ltr'><strong><em>tu,</em></strong></span> <span class='ocrx_word' id='word_1_141' title='bbox 953 2059 1117 2135; x_wconf 84' lang='lat' dir='ltr'><strong><em>compelles,</em></strong></span> <span class='ocrx_word' id='word_1_142' title='bbox 1126 2075 1189 2132; x_wconf 81' lang='lat' dir='ltr'><strong><em>quae</em></strong></span> <span class='ocrx_word' id='word_1_143' title='bbox 1200 2059 1277 2117; x_wconf 80' lang='lat' dir='ltr'><strong><em>viros</em></strong></span> <span class='ocrx_word' id='word_1_144' title='bbox 1287 2074 1367 2116; x_wconf 78' lang='lat' dir='ltr'><strong><em>com.</em></strong></span> 
     </span>
     <span class='ocr_line' id='line_1_21' title="bbox 360 2157 1420 2201; baseline 0.005 -5"><span class='ocrx_word' id='word_1_145' title='bbox 360 2157 390 2196; x_wconf 83' lang='lat' dir='ltr'><strong><em>se</em></strong></span> <span class='ocrx_word' id='word_1_146' title='bbox 419 2158 494 2199; x_wconf 88' lang='lat' dir='ltr'><strong><em>ees.</em></strong></span> <span class='ocrx_word' id='word_1_147' title='bbox 1419 2194 1420 2201; x_wconf 72' lang='grc'>,</span> 
     </span>
     <span class='ocr_line' id='line_1_22' title="bbox 283 2156 1367 2303; baseline 0.002 -27"><span class='ocrx_word' id='word_1_148' title='bbox 283 2156 426 2277; x_wconf 60' lang='lat' dir='ltr'><strong>PeMUL.</strong></span> <span class='ocrx_word' id='word_1_149' title='bbox 440 2217 497 2277; x_wconf 81' lang='lat' dir='ltr'><strong><em>lx.</em></strong></span> <span class='ocrx_word' id='word_1_150' title='bbox 520 2217 634 2277; x_wconf 77' lang='lat' dir='ltr'><strong><em>Enosis</em></strong></span> <span class='ocrx_word' id='word_1_151' title='bbox 647 2224 787 2278; x_wconf 74' lang='lat' dir='ltr'><strong><em>causaest</em></strong></span> <span class='ocrx_word' id='word_1_152' title='bbox 799 2217 947 2303; x_wconf 57' lang='lat' dir='ltr'><strong><em>Belgouus</em></strong></span> <span class='ocrx_word' id='word_1_153' title='bbox 959 2219 1021 2278; x_wconf 77' lang='lat' dir='ltr'><strong><em>iste.</em></strong></span> <span class='ocrx_word' id='word_1_154' title='bbox 1062 2219 1181 2296; x_wconf 79' lang='lat' dir='ltr'>Quippe</span> <span class='ocrx_word' id='word_1_155' title='bbox 1192 2237 1228 2286; x_wconf 76' lang='lat' dir='ltr'><strong><em>‚eo</em></strong></span> <span class='ocrx_word' id='word_1_156' title='bbox 1249 2219 1367 2295; x_wconf 67' lang='lat' dir='ltr'><strong><em>respici,</em></strong></span> 
     </span>
     <span class='ocr_line' id='line_1_23' title="bbox 283 2299 950 2374; baseline -0.004 -15"><span class='ocrx_word' id='word_1_157' title='bbox 283 2317 345 2374; x_wconf 84' lang='lat' dir='ltr'><strong><em>sus,</em></strong></span> <span class='ocrx_word' id='word_1_158' title='bbox 360 2317 456 2357; x_wconf 85' lang='lat' dir='ltr'><strong><em>corum</em></strong></span> <span class='ocrx_word' id='word_1_159' title='bbox 463 2299 626 2357; x_wconf 83' lang='lat' dir='ltr'><strong><em>mulieribus</em></strong></span> <span class='ocrx_word' id='word_1_160' title='bbox 640 2299 734 2358; x_wconf 87' lang='lat' dir='ltr'><strong><em>dicere</em></strong></span> <span class='ocrx_word' id='word_1_161' title='bbox 746 2319 791 2358; x_wconf 87' lang='lat' dir='ltr'><strong><em>me</em></strong></span> <span class='ocrx_word' id='word_1_162' title='bbox 804 2301 950 2374; x_wconf 76' lang='lat' dir='ltr'><strong><em>putabam.</em></strong></span> 
     </span>
     <span class='ocr_line' id='line_1_24' title="bbox 323 2377 1365 2458; baseline 0.002 -20"><span class='ocrx_word' id='word_1_163' title='bbox 323 2377 450 2438; x_wconf 74' lang='lat' dir='ltr'><strong><em>Pstsx.</em></strong></span> <span class='ocrx_word' id='word_1_164' title='bbox 473 2379 665 2438; x_wconf 84' lang='lat' dir='ltr'><strong><em>Faoessehinc</em></strong></span> <span class='ocrx_word' id='word_1_165' title='bbox 679 2387 709 2436; x_wconf 87' lang='lat' dir='ltr'><strong><em>tu</em></strong></span> <span class='ocrx_word' id='word_1_166' title='bbox 720 2388 885 2457; x_wconf 84' lang='lat' dir='ltr'><strong><em>quoque,ei</em></strong></span> <span class='ocrx_word' id='word_1_167' title='bbox 895 2381 1015 2455; x_wconf 77' lang='lat' dir='ltr'><strong><em>poslhse</em></strong></span> <span class='ocrx_word' id='word_1_168' title='bbox 1027 2380 1111 2438; x_wconf 82' lang='lat' dir='ltr'><strong><em>sede:</em></strong></span> <span class='ocrx_word' id='word_1_169' title='bbox 1131 2381 1271 2458; x_wconf 81' lang='lat' dir='ltr'><strong><em>egoenim</em></strong></span> <span class='ocrx_word' id='word_1_170' title='bbox 1290 2381 1365 2457; x_wconf 83' lang='lat' dir='ltr'><strong><em>ipse,</em></strong></span> 
     </span>
     <span class='ocr_line' id='line_1_25' title="bbox 282 2460 1365 2542; baseline 0.001 -24"><span class='ocrx_word' id='word_1_171' title='bbox 282 2465 315 2518; x_wconf 82' lang='lat' dir='ltr'><strong><em>ut</em></strong></span> <span class='ocrx_word' id='word_1_172' title='bbox 336 2461 445 2534; x_wconf 83' lang='lat' dir='ltr'><strong><em>videor,</em></strong></span> <span class='ocrx_word' id='word_1_173' title='bbox 459 2465 551 2517; x_wconf 78' lang='lat' dir='ltr'><strong><em>sumta</em></strong></span> <span class='ocrx_word' id='word_1_174' title='bbox 571 2460 625 2518; x_wconf 84' lang='lat' dir='ltr'><strong><em>hec</em></strong></span> <span class='ocrx_word' id='word_1_175' title='bbox 646 2479 765 2536; x_wconf 81' lang='lat' dir='ltr'><strong><em>corona,</em></strong></span> <span class='ocrx_word' id='word_1_176' title='bbox 778 2461 904 2520; x_wconf 72' lang='lat' dir='ltr'><strong><em>vestrim</em></strong></span> <span class='ocrx_word' id='word_1_177' title='bbox 924 2463 1050 2523; x_wconf 86' lang='lat' dir='ltr'><strong><em>omnium</em></strong></span> <span class='ocrx_word' id='word_1_178' title='bbox 1063 2479 1146 2519; x_wconf 83' lang='lat' dir='ltr'><strong><em>seusa</em></strong></span> <span class='ocrx_word' id='word_1_179' title='bbox 1159 2462 1365 2542; x_wconf 83' lang='lat' dir='ltr'><strong><em>concionubor,</em></strong></span> 
     </span>
     <span class='ocr_line' id='line_1_26' title="bbox 282 2540 1385 2617; baseline -0.001 -19"><span class='ocrx_word' id='word_1_180' title='bbox 282 2540 350 2600; x_wconf 88' lang='lat' dir='ltr'><strong><em>deos</em></strong></span> <span class='ocrx_word' id='word_1_181' title='bbox 365 2542 487 2616; x_wconf 85' lang='lat' dir='ltr'><strong><em>primum</em></strong></span> <span class='ocrx_word' id='word_1_182' title='bbox 499 2547 624 2617; x_wconf 73' lang='lat' dir='ltr'><strong><em>precatu,</em></strong></span> <span class='ocrx_word' id='word_1_183' title='bbox 640 2547 686 2616; x_wconf 86' lang='lat' dir='ltr'><strong><em>ul,</em></strong></span> <span class='ocrx_word' id='word_1_184' title='bbox 700 2558 763 2615; x_wconf 68' lang='lat' dir='ltr'><strong><em>quse</em></strong></span> <span class='ocrx_word' id='word_1_185' title='bbox 777 2543 985 2616; x_wconf 79' lang='lat' dir='ltr'><strong><em>constituimus,</em></strong></span> <span class='ocrx_word' id='word_1_186' title='bbox 999 2544 1037 2600; x_wconf 83' lang='lat' dir='ltr'><strong><em>ud</em></strong></span> <span class='ocrx_word' id='word_1_187' title='bbox 1050 2541 1159 2600; x_wconf 77' lang='lat' dir='ltr'><strong><em>felicem</em></strong></span> <span class='ocrx_word' id='word_1_188' title='bbox 1175 2544 1284 2600; x_wconf 82' lang='lat' dir='ltr'><strong><em>exitum</em></strong></span> <span class='ocrx_word' id='word_1_189' title='bbox 1298 2561 1366 2616; x_wconf 87' lang='lat' dir='ltr'><strong><em>per.</em></strong></span> <span class='ocrx_word' id='word_1_190' title='bbox 1380 2605 1385 2612; x_wconf 44' lang='lat'>‚</span> 
     </span>
     <span class='ocr_line' id='line_1_27' title="bbox 282 2619 1419 2700; baseline 0.001 -20"><span class='ocrx_word' id='word_1_191' title='bbox 282 2621 394 2681; x_wconf 74' lang='lat' dir='ltr'><strong><em>ducem.</em></strong></span> <span class='ocrx_word' id='word_1_192' title='bbox 437 2619 590 2699; x_wconf 74' lang='lat' dir='ltr'><strong><em>AEquead</em></strong></span> <span class='ocrx_word' id='word_1_193' title='bbox 601 2641 647 2680; x_wconf 91' lang='lat' dir='ltr'><strong><em>me</em></strong></span> <span class='ocrx_word' id='word_1_194' title='bbox 664 2623 780 2681; x_wconf 82' lang='lat' dir='ltr'><strong><em>adlinet</em></strong></span> <span class='ocrx_word' id='word_1_195' title='bbox 797 2625 883 2700; x_wconf 78' lang='lat' dir='ltr'><strong><em>nujus</em></strong></span> <span class='ocrx_word' id='word_1_196' title='bbox 896 2627 1125 2700; x_wconf 80' lang='lat' dir='ltr'><strong><em>regioniscuro,</em></strong></span> <span class='ocrx_word' id='word_1_197' title='bbox 1138 2630 1225 2699; x_wconf 80' lang='lat' dir='ltr'><strong><em>nique</em></strong></span> <span class='ocrx_word' id='word_1_198' title='bbox 1243 2624 1285 2681; x_wconf 92' lang='lat' dir='ltr'><strong><em>ud</em></strong></span> <span class='ocrx_word' id='word_1_199' title='bbox 1300 2644 1364 2698; x_wconf 75' lang='lat' dir='ltr'><strong><em>vos,</em></strong></span> <span class='ocrx_word' id='word_1_200' title='bbox 1418 2654 1419 2681; x_wconf 70' lang='lat' dir='ltr'><strong><em>l</em></strong></span> 
     </span>
     <span class='ocr_line' id='line_1_28' title="bbox 213 2700 1419 2786; baseline 0 -23"><span class='ocrx_word' id='word_1_201' title='bbox 213 2783 214 2786; x_wconf 8' lang='grc' dir='ltr'><strong>Ἴ</strong></span> <span class='ocrx_word' id='word_1_202' title='bbox 283 2701 379 2763; x_wconf 90' lang='lat' dir='ltr'><strong><em>Doleo</em></strong></span> <span class='ocrx_word' id='word_1_203' title='bbox 390 2710 487 2763; x_wconf 86' lang='lat' dir='ltr'><strong><em>autem</em></strong></span> <span class='ocrx_word' id='word_1_204' title='bbox 501 2705 605 2779; x_wconf 83' lang='lat' dir='ltr'><strong><em>etsero</em></strong></span> <span class='ocrx_word' id='word_1_205' title='bbox 618 2705 719 2780; x_wconf 81' lang='lat' dir='ltr'><strong><em>iniquo</em></strong></span> <span class='ocrx_word' id='word_1_206' title='bbox 730 2707 831 2762; x_wconf 90' lang='lat' dir='ltr'><strong><em>animo</em></strong></span> <span class='ocrx_word' id='word_1_207' title='bbox 838 2707 1032 2763; x_wconf 87' lang='lat' dir='ltr'><strong><em>omniaurbis</em></strong></span> <span class='ocrx_word' id='word_1_208' title='bbox 1042 2710 1151 2761; x_wconf 76' lang='lat' dir='ltr'><strong><em>nostre</em></strong></span> <span class='ocrx_word' id='word_1_209' title='bbox 1161 2706 1364 2763; x_wconf 71' lang='lat' dir='ltr'><strong><em>incommodae</em></strong></span> <span class='ocrx_word' id='word_1_210' title='bbox 1418 2700 1419 2723; x_wconf 77' lang='lat'>³</span> 
     </span>
     <span class='ocr_line' id='line_1_29' title="bbox 282 2785 1363 2864; baseline 0.002 -22"><span class='ocrx_word' id='word_1_211' title='bbox 282 2787 390 2864; x_wconf 77' lang='lat' dir='ltr'><strong><em>qnippe</em></strong></span> <span class='ocrx_word' id='word_1_212' title='bbox 404 2785 486 2843; x_wconf 86' lang='lat' dir='ltr'><strong><em>illum</em></strong></span> <span class='ocrx_word' id='word_1_213' title='bbox 500 2786 586 2843; x_wconf 85' lang='lat' dir='ltr'><strong><em>video</em></strong></span> <span class='ocrx_word' id='word_1_214' title='bbox 597 2787 748 2862; x_wconf 79' lang='lat' dir='ltr'><strong><em>praesectis</em></strong></span> <span class='ocrx_word' id='word_1_215' title='bbox 767 2792 897 2843; x_wconf 81' lang='lat' dir='ltr'><strong><em>utentem</em></strong></span> <span class='ocrx_word' id='word_1_216' title='bbox 914 2791 1061 2863; x_wconf 81' lang='lat' dir='ltr'><strong><em>perpetuo</em></strong></span> <span class='ocrx_word' id='word_1_217' title='bbox 1076 2785 1183 2842; x_wconf 83' lang='lat' dir='ltr'><strong><em>malis:</em></strong></span> <span class='ocrx_word' id='word_1_218' title='bbox 1203 2803 1363 2862; x_wconf 80' lang='lat' dir='ltr'><strong><em>eorumque</em></strong></span> 
     </span>
     <span class='ocr_line' id='line_1_30' title="bbox 281 2864 1363 2944; baseline 0 -20"><span class='ocrx_word' id='word_1_219' title='bbox 281 2870 311 2925; x_wconf 87' lang='lat' dir='ltr'><strong><em>si</em></strong></span> <span class='ocrx_word' id='word_1_220' title='bbox 321 2870 463 2944; x_wconf 79' lang='lat' dir='ltr'><strong><em>quispiam</em></strong></span> <span class='ocrx_word' id='word_1_221' title='bbox 477 2865 525 2923; x_wconf 87' lang='lat' dir='ltr'><strong><em>oel</em></strong></span> <span class='ocrx_word' id='word_1_222' title='bbox 537 2866 612 2923; x_wconf 87' lang='lat' dir='ltr'><strong><em>diem</em></strong></span> <span class='ocrx_word' id='word_1_223' title='bbox 629 2884 719 2922; x_wconf 86' lang='lat' dir='ltr'><strong><em>unum</em></strong></span> <span class='ocrx_word' id='word_1_224' title='bbox 742 2868 835 2924; x_wconf 91' lang='lat' dir='ltr'><strong><em>bonus</em></strong></span> <span class='ocrx_word' id='word_1_225' title='bbox 849 2869 898 2936; x_wconf 81' lang='lat' dir='ltr'><strong><em>sit,</em></strong></span> <span class='ocrx_word' id='word_1_226' title='bbox 911 2872 990 2922; x_wconf 80' lang='lat' dir='ltr'><strong><em>totos</em></strong></span> <span class='ocrx_word' id='word_1_227' title='bbox 1003 2864 1100 2923; x_wconf 89' lang='lat' dir='ltr'><strong><em>decem</em></strong></span> <span class='ocrx_word' id='word_1_228' title='bbox 1114 2866 1176 2922; x_wconf 89' lang='lat' dir='ltr'><strong><em>dies</em></strong></span> <span class='ocrx_word' id='word_1_229' title='bbox 1189 2865 1288 2923; x_wconf 87' lang='lat' dir='ltr'><strong><em>molus</em></strong></span> <span class='ocrx_word' id='word_1_230' title='bbox 1308 2874 1363 2924; x_wconf 83' lang='lat' dir='ltr'><strong><em>cst.</em></strong></span> 
     </span>
     <span class='ocr_line' id='line_1_31' title="bbox 280 2945 1418 3024; baseline -0.001 -19"><span class='ocrx_word' id='word_1_231' title='bbox 280 2945 345 3005; x_wconf 82' lang='lat' dir='ltr'><strong><em>Alii</em></strong></span> <span class='ocrx_word' id='word_1_232' title='bbox 349 2949 496 3021; x_wconf 76' lang='lat' dir='ltr'><strong><em>fortassis</em></strong></span> <span class='ocrx_word' id='word_1_233' title='bbox 507 2947 685 3003; x_wconf 70' lang='lat' dir='ltr'><strong><em>commiseris</em></strong></span> <span class='ocrx_word' id='word_1_234' title='bbox 695 2945 934 3024; x_wconf 72' lang='lat' dir='ltr'><strong><em>rempublicam?</em></strong></span> <span class='ocrx_word' id='word_1_235' title='bbox 949 2946 1043 3024; x_wconf 77' lang='lat' dir='ltr'><strong><em>pluro</em></strong></span> <span class='ocrx_word' id='word_1_236' title='bbox 1064 2948 1154 3003; x_wconf 83' lang='lat' dir='ltr'><strong><em>eliam</em></strong></span> <span class='ocrx_word' id='word_1_237' title='bbox 1168 2946 1362 3024; x_wconf 82' lang='lat' dir='ltr'><strong><em>malefaciet.</em></strong></span> <span class='ocrx_word' id='word_1_238' title='bbox 1417 3020 1418 3023; x_wconf 7' lang='grc' dir='ltr'><strong>Ἴ</strong></span> 
     </span>
     <span class='ocr_line' id='line_1_32' title="bbox 280 3024 1365 3104; baseline 0 -19"><span class='ocrx_word' id='word_1_239' title='bbox 280 3024 408 3100; x_wconf 79' lang='lat' dir='ltr'><strong><em>Difficile</em></strong></span> <span class='ocrx_word' id='word_1_240' title='bbox 422 3033 520 3083; x_wconf 82' lang='lat' dir='ltr'><strong><em>antem</em></strong></span> <span class='ocrx_word' id='word_1_241' title='bbox 531 3029 612 3083; x_wconf 85' lang='lat' dir='ltr'><strong><em>uiros</em></strong></span> <span class='ocrx_word' id='word_1_242' title='bbox 625 3043 757 3084; x_wconf 91' lang='lat' dir='ltr'><strong><em>morosos</em></strong></span> <span class='ocrx_word' id='word_1_243' title='bbox 771 3045 889 3085; x_wconf 87' lang='lat' dir='ltr'><strong><em>monere</em></strong></span> <span class='ocrx_word' id='word_1_244' title='bbox 895 3048 910 3099; x_wconf 88' lang='lat'><strong><em>,·</em></strong></span> <span class='ocrx_word' id='word_1_245' title='bbox 937 3045 986 3084; x_wconf 86' lang='lat' dir='ltr'><strong><em>vos</em></strong></span> <span class='ocrx_word' id='word_1_246' title='bbox 991 3066 1001 3101; x_wconf 91' lang='lat'><strong><em>,</em></strong></span> <span class='ocrx_word' id='word_1_247' title='bbox 1013 3027 1145 3101; x_wconf 83' lang='lat' dir='ltr'><strong><em>inquam,</em></strong></span> <span class='ocrx_word' id='word_1_248' title='bbox 1166 3025 1184 3084; x_wconf 82' lang='lat' dir='ltr'><strong><em>b</em></strong></span> <span class='ocrx_word' id='word_1_249' title='bbox 1198 3030 1288 3102; x_wconf 86' lang='lat' dir='ltr'><strong><em>cives,</em></strong></span> <span class='ocrx_word' id='word_1_250' title='bbox 1312 3030 1365 3104; x_wconf 80' lang='lat' dir='ltr'><strong><em>qui</em></strong></span> 
     </span>
     <span class='ocr_line' id='line_1_33' title="bbox 275 3106 1362 3185; baseline -0.002 -21"><span class='ocrx_word' id='word_1_251' title='bbox 275 3106 484 3179; x_wconf 79' lang='lat' dir='ltr'><strong><em>reformidetis</em></strong></span> <span class='ocrx_word' id='word_1_252' title='bbox 495 3123 557 3179; x_wconf 89' lang='lat' dir='ltr'><strong><em>eos,</em></strong></span> <span class='ocrx_word' id='word_1_253' title='bbox 572 3109 623 3182; x_wconf 80' lang='lat' dir='ltr'><strong><em>qui</em></strong></span> <span class='ocrx_word' id='word_1_254' title='bbox 634 3123 686 3162; x_wconf 87' lang='lat' dir='ltr'><strong><em>oos</em></strong></span> <span class='ocrx_word' id='word_1_255' title='bbox 698 3125 801 3165; x_wconf 87' lang='lat' dir='ltr'><strong><em>amare</em></strong></span> <span class='ocrx_word' id='word_1_256' title='bbox 814 3108 938 3166; x_wconf 77' lang='lat' dir='ltr'><strong><em>volemis</em></strong></span> <span class='ocrx_word' id='word_1_257' title='bbox 958 3110 996 3165; x_wconf 86' lang='lat' dir='ltr'><strong><em>iis</em></strong></span> <span class='ocrx_word' id='word_1_258' title='bbox 1010 3112 1120 3181; x_wconf 82' lang='lat' dir='ltr'><strong><em>notem,</em></strong></span> <span class='ocrx_word' id='word_1_259' title='bbox 1129 3109 1181 3185; x_wconf 77' lang='lat' dir='ltr'><strong><em>qui</em></strong></span> <span class='ocrx_word' id='word_1_260' title='bbox 1192 3109 1295 3167; x_wconf 79' lang='lat' dir='ltr'><strong><em>amur‘e</em></strong></span> <span class='ocrx_word' id='word_1_261' title='bbox 1309 3128 1362 3166; x_wconf 94' lang='lat' dir='ltr'><strong><em>no.</em></strong></span> 
     </span>
     <span class='ocr_line' id='line_1_34' title="bbox 282 3185 1364 3266; baseline 0.007 -24"><span class='ocrx_word' id='word_1_262' title='bbox 282 3185 357 3248; x_wconf 83' lang='lat' dir='ltr'><strong><em>lunt,</em></strong></span> <span class='ocrx_word' id='word_1_263' title='bbox 368 3186 540 3263; x_wconf 82' lang='lat' dir='ltr'><strong><em>supplicetis</em></strong></span> <span class='ocrx_word' id='word_1_264' title='bbox 548 3192 705 3263; x_wconf 82' lang='lat' dir='ltr'><strong><em>perpetuo.</em></strong></span> <span class='ocrx_word' id='word_1_265' title='bbox 747 3185 821 3246; x_wconf 80' lang='lat' dir='ltr'><strong><em>Fuit</em></strong></span> <span class='ocrx_word' id='word_1_266' title='bbox 830 3196 956 3266; x_wconf 83' lang='lat' dir='ltr'><strong><em>tempus,</em></strong></span> <span class='ocrx_word' id='word_1_267' title='bbox 966 3205 1054 3263; x_wconf 79' lang='lat' dir='ltr'><strong><em>quum</em></strong></span> <span class='ocrx_word' id='word_1_268' title='bbox 1065 3187 1197 3246; x_wconf 84' lang='lat' dir='ltr'><strong><em>consiliis</em></strong></span> <span class='ocrx_word' id='word_1_269' title='bbox 1208 3189 1292 3247; x_wconf 90' lang='lat' dir='ltr'><strong><em>nullo</em></strong></span> <span class='ocrx_word' id='word_1_270' title='bbox 1302 3208 1364 3252; x_wconf 66' lang='lat' dir='ltr'><strong><em>moe</em></strong></span> 
     </span>
     <span class='ocr_line' id='line_1_35' title="bbox 280 3265 1363 3346; baseline 0.006 -24"><span class='ocrx_word' id='word_1_271' title='bbox 280 3265 318 3322; x_wconf 94' lang='lat' dir='ltr'><strong><em>do</em></strong></span> <span class='ocrx_word' id='word_1_272' title='bbox 332 3271 495 3342; x_wconf 83' lang='lat' dir='ltr'><strong><em>uteremur,</em></strong></span> <span class='ocrx_word' id='word_1_273' title='bbox 509 3267 561 3324; x_wconf 92' lang='lat' dir='ltr'><strong><em>sed</em></strong></span> <span class='ocrx_word' id='word_1_274' title='bbox 572 3267 736 3346; x_wconf 68' lang='lat' dir='ltr'><strong><em>Agyrriom</em></strong></span> <span class='ocrx_word' id='word_1_275' title='bbox 747 3287 873 3344; x_wconf 68' lang='lat' dir='ltr'><strong><em>mavum</em></strong></span> <span class='ocrx_word' id='word_1_276' title='bbox 893 3271 1038 3327; x_wconf 84' lang='lat' dir='ltr'><strong><em>bominem</em></strong></span> <span class='ocrx_word' id='word_1_277' title='bbox 1057 3271 1264 3329; x_wconf 73' lang='lat' dir='ltr'><strong><em>censebamus.⁸</em></strong></span> <span class='ocrx_word' id='word_1_278' title='bbox 1284 3289 1363 3328; x_wconf 88' lang='lat' dir='ltr'><strong><em>nnnc</em></strong></span> 
     </span>
     <span class='ocr_line' id='line_1_36' title="bbox 280 3349 1417 3428; baseline 0.006 -26"><span class='ocrx_word' id='word_1_279' title='bbox 280 3351 390 3422; x_wconf 81' lang='lat' dir='ltr'><strong><em>autem,</em></strong></span> <span class='ocrx_word' id='word_1_280' title='bbox 405 3364 493 3424; x_wconf 76' lang='lat' dir='ltr'><strong><em>qaum</em></strong></span> <span class='ocrx_word' id='word_1_281' title='bbox 505 3350 543 3405; x_wconf 87' lang='lat' dir='ltr'><strong><em>iis</em></strong></span> <span class='ocrx_word' id='word_1_282' title='bbox 555 3355 688 3426; x_wconf 79' lang='lat' dir='ltr'><strong><em>utamur,</em></strong></span> <span class='ocrx_word' id='word_1_283' title='bbox 703 3349 781 3407; x_wconf 84' lang='lat' dir='ltr'><strong><em>olins</em></strong></span> <span class='ocrx_word' id='word_1_284' title='bbox 795 3352 908 3427; x_wconf 79' lang='lat' dir='ltr'><strong><em>quidem</em></strong></span> <span class='ocrx_word' id='word_1_285' title='bbox 922 3354 1069 3427; x_wconf 81' lang='lat' dir='ltr'><strong><em>accipiens</em></strong></span> <span class='ocrx_word' id='word_1_286' title='bbox 1078 3353 1247 3428; x_wconf 80' lang='lat' dir='ltr'><strong><em>pecuniam,</em></strong></span> <span class='ocrx_word' id='word_1_287' title='bbox 1262 3351 1296 3409; x_wconf 87' lang='lat' dir='ltr'><strong><em>id</em></strong></span> <span class='ocrx_word' id='word_1_288' title='bbox 1308 3353 1361 3409; x_wconf 80' lang='lat' dir='ltr'><strong><em>mi·</em></strong></span> <span class='ocrx_word' id='word_1_289' title='bbox 1416 3354 1417 3399; x_wconf 78' lang='lat' dir='ltr'><strong><em>l</em></strong></span> 
     </span>
     <span class='ocr_line' id='line_1_37' title="bbox 279 3428 1361 3511; baseline 0.002 -23"><span class='ocrx_word' id='word_1_290' title='bbox 279 3444 347 3488; x_wconf 84' lang='lat' dir='ltr'><strong><em>rum</em></strong></span> <span class='ocrx_word' id='word_1_291' title='bbox 360 3431 393 3486; x_wconf 90' lang='lat' dir='ltr'><strong><em>in</em></strong></span> <span class='ocrx_word' id='word_1_292' title='bbox 405 3430 519 3487; x_wconf 86' lang='lat' dir='ltr'><strong><em>modum</em></strong></span> <span class='ocrx_word' id='word_1_293' title='bbox 531 3428 656 3504; x_wconf 81' lang='lat' dir='ltr'><strong><em>londai,·</em></strong></span> <span class='ocrx_word' id='word_1_294' title='bbox 675 3435 804 3507; x_wconf 82' lang='lat' dir='ltr'><strong><em>quivero</em></strong></span> <span class='ocrx_word' id='word_1_295' title='bbox 816 3451 877 3490; x_wconf 92' lang='lat' dir='ltr'><strong><em>non</em></strong></span> <span class='ocrx_word' id='word_1_296' title='bbox 891 3435 1006 3511; x_wconf 61' lang='lat' dir='ltr'><strong><em>accipit,</em></strong></span> <span class='ocrx_word' id='word_1_297' title='bbox 1016 3450 1067 3490; x_wconf 89' lang='lat' dir='ltr'><strong><em>eos</em></strong></span> <span class='ocrx_word' id='word_1_298' title='bbox 1079 3436 1175 3489; x_wconf 85' lang='lat' dir='ltr'><strong><em>moris</em></strong></span> <span class='ocrx_word' id='word_1_299' title='bbox 1187 3431 1298 3510; x_wconf 82' lang='lat' dir='ltr'><strong><em>dignos</em></strong></span> <span class='ocrx_word' id='word_1_300' title='bbox 1312 3432 1361 3490; x_wconf 82' lang='lat' dir='ltr'><strong><em>de·</em></strong></span> 
     </span>
     <span class='ocr_line' id='line_1_38' title="bbox 275 3511 1418 3617; baseline 0.003 -49"><span class='ocrx_word' id='word_1_301' title='bbox 275 3514 374 3592; x_wconf 63' lang='lat' dir='ltr'><strong><em>miei,</em></strong></span> <span class='ocrx_word' id='word_1_302' title='bbox 389 3512 482 3584; x_wconf 81' lang='lat' dir='ltr'><strong><em>quiin</em></strong></span> <span class='ocrx_word' id='word_1_303' title='bbox 495 3511 621 3569; x_wconf 80' lang='lat' dir='ltr'><strong><em>conciliis</em></strong></span> <span class='ocrx_word' id='word_1_304' title='bbox 633 3512 794 3571; x_wconf 86' lang='lat' dir='ltr'><strong><em>mercedem</em></strong></span> <span class='ocrx_word' id='word_1_305' title='bbox 800 3514 921 3588; x_wconf 78' lang='lat' dir='ltr'><strong><em>serunt.</em></strong></span> <span class='ocrx_word' id='word_1_306' title='bbox 1416 3548 1418 3617; x_wconf 33' lang='grc' dir='ltr'>ἱ</span> 
     </span>
     <span class='ocr_line' id='line_1_39' title="bbox 318 3586 1294 3669; baseline 0.005 -22"><span class='ocrx_word' id='word_1_307' title='bbox 318 3586 421 3666; x_wconf 64' lang='lat' dir='ltr'><strong><em>Mus.</em></strong></span> <span class='ocrx_word' id='word_1_308' title='bbox 435 3588 463 3647; x_wconf 91' lang='lat'><strong><em>1.</em></strong></span> <span class='ocrx_word' id='word_1_309' title='bbox 484 3589 540 3648; x_wconf 88' lang='lat' dir='ltr'><strong><em>Per</em></strong></span> <span class='ocrx_word' id='word_1_310' title='bbox 553 3589 706 3669; x_wconf 79' lang='lat' dir='ltr'><strong><em>Venerem,</em></strong></span> <span class='ocrx_word' id='word_1_311' title='bbox 721 3593 783 3651; x_wconf 83' lang='lat' dir='ltr'><strong><em>haec</em></strong></span> <span class='ocrx_word' id='word_1_312' title='bbox 796 3594 870 3653; x_wconf 86' lang='lat' dir='ltr'><strong><em>belle</em></strong></span> <span class='ocrx_word' id='word_1_313' title='bbox 882 3593 963 3652; x_wconf 87' lang='lat' dir='ltr'><strong><em>dicis.</em></strong></span> <span class='ocrx_word' id='word_1_314' title='bbox 1292 3629 1294 3633; x_wconf 91' lang='lat'>·</span> 
     </span>
     <span class='ocr_line' id='line_1_40' title="bbox 318 3667 1416 3749; baseline -0.001 -18"><span class='ocrx_word' id='word_1_315' title='bbox 318 3667 447 3732; x_wconf 82' lang='lat' dir='ltr'>PRAX.</span> <span class='ocrx_word' id='word_1_316' title='bbox 468 3670 587 3744; x_wconf 83' lang='lat' dir='ltr'><strong><em>Misere,</em></strong></span> <span class='ocrx_word' id='word_1_317' title='bbox 602 3670 743 3732; x_wconf 86' lang='lat' dir='ltr'><strong><em>Venerem</em></strong></span> <span class='ocrx_word' id='word_1_318' title='bbox 752 3675 915 3734; x_wconf 80' lang='lat' dir='ltr'><strong><em>nominasti.</em></strong></span> <span class='ocrx_word' id='word_1_319' title='bbox 955 3672 1293 3749; x_wconf 73' lang='lat' dir='ltr'><strong><em>lepidesesoeijocoss</em></strong></span> <span class='ocrx_word' id='word_1_320' title='bbox 1305 3690 1359 3730; x_wconf 86' lang='lat' dir='ltr'><strong><em>no-</em></strong></span> <span class='ocrx_word' id='word_1_321' title='bbox 1415 3678 1416 3683; x_wconf 77' lang='grc'>’</span> 
     </span>
     <span class='ocr_line' id='line_1_41' title="bbox 278 3714 1416 3832; baseline 0.011 -24"><span class='ocrx_word' id='word_1_322' title='bbox 278 3750 322 3808; x_wconf 80' lang='lat' dir='ltr'><strong><em>bis</em></strong></span> <span class='ocrx_word' id='word_1_323' title='bbox 334 3751 454 3825; x_wconf 73' lang='lat' dir='ltr'><strong><em>iaceres,</em></strong></span> <span class='ocrx_word' id='word_1_324' title='bbox 465 3753 495 3809; x_wconf 87' lang='lat' dir='ltr'><strong><em>in</em></strong></span> <span class='ocrx_word' id='word_1_325' title='bbox 505 3754 644 3812; x_wconf 87' lang='lat' dir='ltr'><strong><em>concione</em></strong></span> <span class='ocrx_word' id='word_1_326' title='bbox 653 3754 676 3827; x_wconf 86' lang='lat' dir='ltr'><strong><em>si</em></strong></span> <span class='ocrx_word' id='word_1_327' title='bbox 688 3755 718 3812; x_wconf 88' lang='lat' dir='ltr'><strong><em>id</em></strong></span> <span class='ocrx_word' id='word_1_328' title='bbox 731 3754 849 3832; x_wconf 65' lang='lat' dir='ltr'><strong><em>diesem.</em></strong></span> <span class='ocrx_word' id='word_1_329' title='bbox 1002 3761 1005 3766; x_wconf 83' lang='grc'><strong>’</strong></span> <span class='ocrx_word' id='word_1_330' title='bbox 1188 3763 1191 3767; x_wconf 82' lang='grc'>’</span> <span class='ocrx_word' id='word_1_331' title='bbox 1415 3714 1416 3795; x_wconf 66' lang='lat' dir='ltr'><strong><em>l</em></strong></span> 
     </span>
     <span class='ocr_line' id='line_1_42' title="bbox 318 3827 743 3899; baseline 0.014 -11"><span class='ocrx_word' id='word_1_332' title='bbox 318 3827 422 3899; x_wconf 70' lang='lat' dir='ltr'><strong><em>MUL,</em></strong></span> <span class='ocrx_word' id='word_1_333' title='bbox 436 3830 463 3890; x_wconf 90' lang='lat'><strong><em>1.</em></strong></span> <span class='ocrx_word' id='word_1_334' title='bbox 485 3832 528 3895; x_wconf 81' lang='lat' dir='ltr'><strong><em>As</em></strong></span> <span class='ocrx_word' id='word_1_335' title='bbox 539 3851 599 3891; x_wconf 84' lang='lat' dir='ltr'><strong><em>nou</em></strong></span> <span class='ocrx_word' id='word_1_336' title='bbox 612 3834 743 3894; x_wconf 82' lang='lat' dir='ltr'><strong><em>dicerem.</em></strong></span> 
     </span>
     <span class='ocr_line' id='line_1_43' title="bbox 316 3907 1357 3993; baseline 0.007 -26"><span class='ocrx_word' id='word_1_337' title='bbox 316 3908 445 3988; x_wconf 62' lang='lat' dir='ltr'><strong><em>estex.</em></strong></span> <span class='ocrx_word' id='word_1_338' title='bbox 468 3912 515 3972; x_wconf 90' lang='lat' dir='ltr'><strong><em>Ne</em></strong></span> <span class='ocrx_word' id='word_1_339' title='bbox 528 3914 616 3992; x_wconf 85' lang='lat' dir='ltr'><strong><em>igitur</em></strong></span> <span class='ocrx_word' id='word_1_340' title='bbox 628 3933 706 3973; x_wconf 86' lang='lat' dir='ltr'><strong><em>nunc</em></strong></span> <span class='ocrx_word' id='word_1_341' title='bbox 717 3907 844 3976; x_wconf 64' lang='lat' dir='ltr'><strong><em>maesse</em></strong></span> <span class='ocrx_word' id='word_1_342' title='bbox 856 3916 959 3976; x_wconf 84' lang='lat' dir='ltr'><strong><em>dicere.</em></strong></span> <span class='ocrx_word' id='word_1_343' title='bbox 1000 3913 1159 3976; x_wconf 81' lang='lat' dir='ltr'><strong><em>Praisreu</em></strong></span> <span class='ocrx_word' id='word_1_344' title='bbox 1172 3915 1357 3993; x_wconf 73' lang='lat' dir='ltr'><strong><em>confodere·</em></strong></span> 
     </span>
     <span class='ocr_line' id='line_1_44' title="bbox 277 3992 1356 4076; baseline 0.002 -26"><span class='ocrx_word' id='word_1_345' title='bbox 277 3992 388 4067; x_wconf 77' lang='lat' dir='ltr'><strong><em>tionem</em></strong></span> <span class='ocrx_word' id='word_1_346' title='bbox 402 3993 571 4071; x_wconf 81' lang='lat' dir='ltr'><strong><em>bonoqunm</em></strong></span> <span class='ocrx_word' id='word_1_347' title='bbox 585 3999 855 4073; x_wconf 75' lang='lat' dir='ltr'><strong><em>considerabamus,</em></strong></span> <span class='ocrx_word' id='word_1_348' title='bbox 870 3999 960 4076; x_wconf 79' lang='lat' dir='ltr'><strong><em>deque</em></strong></span> <span class='ocrx_word' id='word_1_349' title='bbox 974 4015 1010 4057; x_wconf 88' lang='lat' dir='ltr'><strong><em>ca</em></strong></span> <span class='ocrx_word' id='word_1_350' title='bbox 1021 3995 1272 4070; x_wconf 73' lang='lat' dir='ltr'><strong><em>deliberabamus,</em></strong></span> <span class='ocrx_word' id='word_1_351' title='bbox 1291 3994 1356 4056; x_wconf 87' lang='lat' dir='ltr'><strong><em>onl-</em></strong></span> 
     </span>
     <span class='ocr_line' id='line_1_45' title="bbox 277 4073 1356 4156; baseline 0.007 -29"><span class='ocrx_word' id='word_1_352' title='bbox 277 4089 318 4146; x_wconf 76' lang='lat' dir='ltr'><strong><em>go</em></strong></span> <span class='ocrx_word' id='word_1_353' title='bbox 333 4073 508 4142; x_wconf 80' lang='lat' dir='ltr'><strong><em>dictitabant</em></strong></span> <span class='ocrx_word' id='word_1_354' title='bbox 515 4079 685 4153; x_wconf 85' lang='lat' dir='ltr'><strong><em>periturum</em></strong></span> <span class='ocrx_word' id='word_1_355' title='bbox 696 4081 859 4153; x_wconf 78' lang='lat' dir='ltr'><strong><em>civitatem,</em></strong></span> <span class='ocrx_word' id='word_1_356' title='bbox 870 4082 897 4136; x_wconf 89' lang='lat' dir='ltr'><strong><em>si</em></strong></span> <span class='ocrx_word' id='word_1_357' title='bbox 904 4077 1182 4155; x_wconf 79' lang='lat' dir='ltr'><strong><em>minusillofierei:</em></strong></span> <span class='ocrx_word' id='word_1_358' title='bbox 1199 4084 1356 4156; x_wconf 79' lang='lat' dir='ltr'><strong><em>postquam</em></strong></span> 
     </span>
     <span class='ocr_line' id='line_1_46' title="bbox 277 4155 1356 4236; baseline 0.002 -24"><span class='ocrx_word' id='word_1_359' title='bbox 277 4155 358 4212; x_wconf 84' lang='lat' dir='ltr'><strong><em>inita</em></strong></span> <span class='ocrx_word' id='word_1_360' title='bbox 369 4159 422 4224; x_wconf 81' lang='lat' dir='ltr'><strong><em>esi,</em></strong></span> <span class='ocrx_word' id='word_1_361' title='bbox 435 4156 652 4232; x_wconf 78' lang='lat' dir='ltr'><strong><em>indignefsrre</em></strong></span> <span class='ocrx_word' id='word_1_362' title='bbox 666 4167 840 4236; x_wconf 79' lang='lat' dir='ltr'><strong><em>eoeperunts</em></strong></span> <span class='ocrx_word' id='word_1_363' title='bbox 868 4161 1020 4218; x_wconf 77' lang='lat' dir='ltr'><strong><em>rhetorum</em></strong></span> <span class='ocrx_word' id='word_1_364' title='bbox 1034 4167 1133 4217; x_wconf 85' lang='lat' dir='ltr'><strong><em>autern</em></strong></span> <span class='ocrx_word' id='word_1_365' title='bbox 1153 4160 1217 4233; x_wconf 87' lang='lat' dir='ltr'><strong><em>ille,</em></strong></span> <span class='ocrx_word' id='word_1_366' title='bbox 1230 4162 1282 4234; x_wconf 79' lang='lat' dir='ltr'><strong><em>qui</em></strong></span> <span class='ocrx_word' id='word_1_367' title='bbox 1293 4174 1356 4214; x_wconf 90' lang='lat' dir='ltr'><strong><em>eam</em></strong></span> 
     </span>
     <span class='ocr_line' id='line_1_47' title="bbox 277 4231 1355 4318; baseline 0.004 -28"><span class='ocrx_word' id='word_1_368' title='bbox 277 4240 426 4309; x_wconf 74' lang='lat' dir='ltr'><strong><em>suaserat,</em></strong></span> <span class='ocrx_word' id='word_1_369' title='bbox 434 4237 577 4313; x_wconf 73' lang='lat' dir='ltr'><strong><em>extemplo</em></strong></span> <span class='ocrx_word' id='word_1_370' title='bbox 579 4239 802 4318; x_wconf 78' lang='lat' dir='ltr'><strong><em>sagiens&#39;ubiil.</em></strong></span> <span class='ocrx_word' id='word_1_371' title='bbox 834 4237 934 4299; x_wconf 88' lang='lat' dir='ltr'><strong><em>Navss</em></strong></span> <span class='ocrx_word' id='word_1_372' title='bbox 943 4245 976 4298; x_wconf 88' lang='lat' dir='ltr'><strong><em>in</em></strong></span> <span class='ocrx_word' id='word_1_373' title='bbox 986 4231 1069 4298; x_wconf 82' lang='lat' dir='ltr'><strong><em>mure</em></strong></span> <span class='ocrx_word' id='word_1_374' title='bbox 1079 4232 1195 4315; x_wconf 84' lang='lat' dir='ltr'><strong><em>deduci,</em></strong></span> <span class='ocrx_word' id='word_1_375' title='bbox 1205 4243 1282 4298; x_wconf 87' lang='lat' dir='ltr'><strong><em>sotis</em></strong></span> <span class='ocrx_word' id='word_1_376' title='bbox 1288 4237 1355 4315; x_wconf 82' lang='lat' dir='ltr'><strong><em>pla·</em></strong></span> 
     </span>
     <span class='ocr_line' id='line_1_48' title="bbox 277 4315 1354 4399; baseline 0.003 -29"><span class='ocrx_word' id='word_1_377' title='bbox 277 4319 324 4370; x_wconf 81' lang='lat' dir='ltr'><strong><em>eei</em></strong></span> <span class='ocrx_word' id='word_1_378' title='bbox 332 4317 419 4392; x_wconf 84' lang='lat' dir='ltr'><strong><em>inopi</em></strong></span> <span class='ocrx_word' id='word_1_379' title='bbox 425 4333 436 4374; x_wconf 83' lang='lat' dir='ltr'><strong><em>s</em></strong></span> <span class='ocrx_word' id='word_1_380' title='bbox 456 4316 598 4378; x_wconf 80' lang='lat' dir='ltr'><strong><em>divitibus</em></strong></span> <span class='ocrx_word' id='word_1_381' title='bbox 609 4325 706 4398; x_wconf 78' lang='lat' dir='ltr'><strong><em>aulem</em></strong></span> <span class='ocrx_word' id='word_1_382' title='bbox 721 4326 750 4377; x_wconf 84' lang='lat' dir='ltr'><strong><em>ei</em></strong></span> <span class='ocrx_word' id='word_1_383' title='bbox 763 4321 903 4396; x_wconf 81' lang='lat' dir='ltr'><strong><em>agricolis</em></strong></span> <span class='ocrx_word' id='word_1_384' title='bbox 916 4341 974 4378; x_wconf 92' lang='lat' dir='ltr'><strong><em>non</em></strong></span> <span class='ocrx_word' id='word_1_385' title='bbox 982 4321 1091 4399; x_wconf 81' lang='lat' dir='ltr'><strong><em>placet.</em></strong></span> <span class='ocrx_word' id='word_1_386' title='bbox 1113 4315 1280 4381; x_wconf 77' lang='lat' dir='ltr'><strong><em>Corinthiis</em></strong></span> <span class='ocrx_word' id='word_1_387' title='bbox 1292 4336 1354 4375; x_wconf 86' lang='lat' dir='ltr'><strong><em>suc·</em></strong></span> 
     </span>
     <span class='ocr_line' id='line_1_49' title="bbox 277 4396 1354 4480; baseline 0.002 -30"><span class='ocrx_word' id='word_1_388' title='bbox 277 4399 423 4454; x_wconf 81' lang='lat' dir='ltr'><strong><em>censetis:</em></strong></span> <span class='ocrx_word' id='word_1_389' title='bbox 445 4396 495 4454; x_wconf 87' lang='lat' dir='ltr'><strong><em>illi</em></strong></span> <span class='ocrx_word' id='word_1_390' title='bbox 507 4404 604 4456; x_wconf 77' lang='lat' dir='ltr'><strong><em>aniene</em></strong></span> <span class='ocrx_word' id='word_1_391' title='bbox 618 4403 686 4475; x_wconf 83' lang='lat' dir='ltr'><strong><em>¹libi,</em></strong></span> <span class='ocrx_word' id='word_1_392' title='bbox 700 4399 718 4468; x_wconf 79' lang='grc' dir='ltr'><em>ὀ</em></span> <span class='ocrx_word' id='word_1_393' title='bbox 725 4401 856 4480; x_wconf 82' lang='lat' dir='ltr'><strong><em>popelle,</em></strong></span> <span class='ocrx_word' id='word_1_394' title='bbox 872 4403 944 4459; x_wconf 88' lang='lat' dir='ltr'><strong><em>boni</em></strong></span> <span class='ocrx_word' id='word_1_395' title='bbox 954 4410 984 4458; x_wconf 80' lang='lat' dir='ltr'><strong><em>ei</em></strong></span> <span class='ocrx_word' id='word_1_396' title='bbox 996 4403 1138 4459; x_wconf 89' lang='lat' dir='ltr'><strong><em>commodi</em></strong></span> <span class='ocrx_word' id='word_1_397' title='bbox 1144 4407 1231 4459; x_wconf 76' lang='lat' dir='ltr'><strong><em>snnis</em></strong></span> <span class='ocrx_word' id='word_1_398' title='bbox 1256 4399 1354 4467; x_wconf 70' lang='lat' dir='ltr'><strong><em>issia,</em></strong></span> 
     </span>
     <span class='ocr_line' id='line_1_50' title="bbox 276 4471 1353 4562; baseline 0.004 -31"><span class='ocrx_word' id='word_1_399' title='bbox 276 4471 340 4532; x_wconf 59' lang='lat' dir='ltr'><strong><em>&amp;m</em></strong></span> <span class='ocrx_word' id='word_1_400' title='bbox 353 4477 518 4540; x_wconf 82' lang='lat' dir='ltr'><strong><em>commodus</em></strong></span> <span class='ocrx_word' id='word_1_401' title='bbox 531 4483 605 4540; x_wconf 82' lang='lat' dir='ltr'><strong><em>eslo.</em></strong></span> <span class='ocrx_word' id='word_1_402' title='bbox 645 4477 766 4560; x_wconf 77' lang='lat' dir='ltr'><strong><em>Argeas</em></strong></span> <span class='ocrx_word' id='word_1_403' title='bbox 778 4480 863 4543; x_wconf 86' lang='lat' dir='ltr'><strong><em>rudis</em></strong></span> <span class='ocrx_word' id='word_1_404' title='bbox 885 4479 1158 4562; x_wconf 63' lang='lat' dir='ltr'><strong><em>mnemosynes</em></strong></span> <span class='ocrx_word' id='word_1_405' title='bbox 1179 4487 1280 4544; x_wconf 79' lang='lat' dir='ltr'><strong><em>oniem</em></strong></span> <span class='ocrx_word' id='word_1_406' title='bbox 1303 4493 1353 4549; x_wconf 58' lang='lat' dir='ltr'><strong><em>sa,</em></strong></span> 
     </span>
    </p>
   </div>
   <div class='ocr_carea' id='block_1_3' title="bbox 1296 4614 1415 4947">
    <p class='ocr_par' dir='ltr' id='par_1_3' title="bbox 1296 4614 1415 4947">
     <span class='ocr_line' id='line_1_51' title="bbox 1296 4614 1415 4947; baseline 0 0"><span class='ocrx_word' id='word_1_407' title='bbox 1296 4826 1298 4830; x_wconf 90' lang='lat'>·</span> <span class='ocrx_word' id='word_1_408' title='bbox 1408 4614 1415 4947; x_wconf 59' lang='lat' dir='ltr'><strong><em>l</em></strong></span> 
     </span>
    </p>
   </div>
   <div class='ocr_carea' id='block_1_4' title="bbox 0 0 1442 4984">
    <p class='ocr_par' dir='ltr' id='par_1_4' title="bbox 0 0 1442 4984">
     <span class='ocr_line' id='line_1_52' title="bbox 0 0 1442 4984; baseline 0 6"><span class='ocrx_word' id='word_1_409' title='bbox 0 0 1442 4984; x_wconf 95' lang='lat' dir='ltr'><strong><em> </em></strong></span> 
     </span>
    </p>
   </div>
  </div>
 </body>
</html>
