2875 4984
294 368 359 429 ιιι
632 325 1045 427 enrsroslrenrs

335 523 454 586 CLEO.
473 521 581 585 Nonne
591 542 639 581 me
649 525 723 582 sines
736 521 951 583 resbascense?

253 671 254 676 χ
335 606 382 665 18.
405 606 487 666 Haud
499 624 566 663 sane
578 606 684 679 hercle,
698 607 766 679 quia
784 612 815 663 et
827 624 880 679 ego
893 607 980 665 malus
1003 618 1075 660 sum.
1116 597 1171 659 Sed
1192 598 1228 659 de
1240 602 1324 659 hoc
1314 615 1379 677 spso

293 688 417 763 primam
431 687 585 747 decertabo
598 695 704 761 tecum,
720 684 782 758 quis
791 686 894 743 debeat
906 687 987 767 prior
999 686 1085 753 verbu
1097 681 1205 740 facere.

334 767 462 827 CHOR.
485 766 611 835 Quodsi
624 768 689 823 hnic
710 774 879 843 argumento
893 786 950 825 non
965 764 1090 841 cesserit,
1103 764 1175 823 udde
1196 763 1294 839 utum,
1308 762 1379 835 quis

291 850 332 912 sl!
344 854 423 907 malis
437 854 602 924 prognatus.

334 929 453 988 CLEO.
475 930 546 988 Non
559 928 627 1004 milri
639 926 777 986 concedes
789 926 800 984 i

335 1008 382 1069 IS.
403 1011 472 1071 Non
486 1012 591 1067 hercle.

335 1089 451 1149 CLEO.
473 1090 564 1149 lmmo
577 1090 681 1148 hercle.

331 1170 378 1229 IS.
401 1172 470 1229 Non
483 1190 491 1227 r
513 1174 553 1228 ita
566 1188 611 1227 me
624 1168 776 1242 Neptunus
789 1173 873 1227 amet.
932 1238 934 1245 Ι

331 1249 452 1309 01110.
471 1250 526 1308 Hei
540 1250 623 1307 mihi!
651 1252 821 1344 disrumpar.

332 1330 379 1390 Is.
400 1333 550 1406 Ategote
567 1331 736 1388 nonsinam.

331 1410 457 1470 CHOR.
479 1412 590 1485 Sine,
569 1430 640 1483 srne,
655 1412 789 1485 perdens
805 1413 935 1484 obsecro,
948 1426 1009 1469 eum
1023 1407 1171 1481 disrumpi.

332 1491 448 1551 CLEO.
470 1491 535 1561 Qua
548 1492 653 1550 fidncia
663 1494 755 1550 iretus
766 1494 880 1567 dignum
890 1499 919 1549 te
928 1508 1022 1549 censes
1032 1506 1080 1562 qur
1072 1488 1158 1545 mihi
1170 1482 1371 1545 contradicas?
1413 1556 1414 1571 ,

333 1571 381 1632 IS.
403 1572 605 1642 Qniadicendi
619 1575 905 1648 peritnsetegosum
919 1580 1006 1645 atque
1021 1568 1182 1627 condiendi.
1413 1572 1414 1595 l

332 1652 449 1711 CLEO.
472 1652 547 1711 Ecce
561 1673 629 1711 vero
643 1652 781 1711 dicendi!
803 1653 925 1710 Pulchre
945 1660 978 1710 tu
999 1668 1076 1723 sane,
1092 1652 1235 1723 negotium
1254 1647 1374 1721 aliquod

291 1734 344 1791 tibi
358 1736 486 1790 oblatum
501 1736 667 1807 suscipiens,
681 1736 711 1790 in
724 1734 815 1791 frusta
837 1734 1019 1806 discerperet,
1045 1738 1249 1802 tractatusque,
1264 1736 1299 1784 ut
1323 1744 1414 1801 par

268 1826 271 1831 “
290 1819 345 1871 est.
387 1813 441 1871 Sed
454 1815 561 1886 scinne,
575 1814 642 1885 qnid
657 1833 711 1889 ogo
726 1816 776 1871 tibi
790 1814 913 1871 evenisse
928 1808 1045 1887 putem?
1065 1812 1143 1885 quod
1164 1811 1307 1885 plerisque
1327 1826 1373 1864 so·

290 1897 339 1952 let
380 1892 409 1950 si
422 1895 499 1951 sorte
513 1913 597 1952 unam
610 1895 746 1961 liticnlam
760 1897 832 1952 bene
848 1894 997 1952 defendisti
1018 1892 1119 1951 contra
1138 1892 1307 1964 inquilinum
1325 1889 1374 1945 ad·

289 1992 389 2032 senam
402 1976 572 2049 qnempiam,
588 1985 673 2033 nocte
695 1982 756 2033 tots
778 1993 934 2050 susurrans,
950 1982 979 2033 et
1001 1980 1093 2031 tecum
1112 1973 1144 2029 in
1165 1974 1217 2029 siis
1238 1971 1372 2041 loquens,

288 2072 391 2129 aquam
407 2063 521 2130 potans,
535 2062 564 2113 et
575 2057 734 2130 speciminis
746 2058 838 2131 gratia
852 2058 970 2113 recitans
974 2056 1144 2127 ,amicisque
1153 2052 1311 2109 molestiam
1323 2068 1373 2106 ex-

287 2137 401 2206 hibens,
416 2142 571 2209 propterea
584 2146 612 2194 te
624 2138 747 2211 peritum
760 2154 819 2194 esse
830 2136 942 2193 dicendi
956 2142 1051 2211 putas,
1068 2136 1086 2192 ὃ
1102 2136 1188 2191 letne.

330 2215 376 2273 is.
399 2220 635 2289 Atruquousus
649 2218 858 2293 percensuisti,
874 2224 907 2275 nt
930 2215 1026 2275 civitas
1048 2234 1126 2273 nnnc
1146 2221 1195 2271 tua
1218 2212 1306 2269 solius
1329 2212 1372 2267 lo·

287 2299 431 2369 qmcimte
442 2296 625 2368 obstupuerit
636 2296 737 2353 muta?

328 2372 448 2433 CLEO.
469 2374 583 2433 Mihine
595 2396 665 2433 vero
678 2379 843 2449 opposueris
854 2380 999 2435 hominuin
1016 2393 1183 2451 quemqnam
1196 2378 1206 2432 ?
1229 2391 1282 2445 an
1273 2372 1414 2465 'simul

286 2474 324 2513 se
338 2456 442 2531 thynni
457 2456 548 2512 truste
561 2457 651 2513 calida
663 2456 848 2528 devoravere,
863 2466 893 2515 et
904 2467 975 2531 post«
991 2459 1108 2517 ebibere
1128 2454 1294 2532 meracioris
1313 2453 1370 2527 ⁸sini
1413 2406 1414 2518 l

251 2538 255 2543 “
289 2538 433 2611 congium,
448 2537 559 2593 rexabn
573 2554 670 2593 omnes
684 2538 711 2593 in
728 2536 801 2614 Pylo
814 2542 911 2596 duces.

328 2613 376 2674 18.
398 2616 463 2691 Ego
476 2636 543 2675 rero
557 2619 638 2674 boris
660 2636 785 2675 omasum
807 2626 837 2675 et
858 2619 983 2677 ventrehr
1006 2618 1119 2676 suillum
1134 2618 1158 2674 si
1181 2615 1367 2684 deglutivere,
1413 2664 1414 2695 3

285 2696 388 2755 deinde
397 2696 539 2771 jusculnm
552 2698 778 2772 superimbibero
791 2700 900 2775 illotus,
914 2707 1010 2775 guttur
1024 2699 1175 2776 praecidam
1196 2697 1369 2766 rhetoribus,
1413 2704 1414 2763 j

285 2785 317 2837 et
328 2776 445 2837 Niciam
457 2786 630 2839 commotum
646 2781 771 2837 reddam.

327 2857 454 2918 CHOR.
477 2858 579 2917 Cetera
591 2862 714 2933 quidem,
731 2874 799 2933 quae·
812 2859 896 2932 dixti,
921 2862 1035 2933 placent
1057 2860 1143 2917 mihi:
1167 2876 1255 2915 ιιιιιιιιι
1276 2864 1367 2915 antem
1413 2810 1414 2831 l

284 2941 523 3077 'melitii
536 2940 1145 3095 :llllltllbilibit...1...

325 3096 373 3156 18.
394 3099 435 3155 At
448 3098 560 3156 berillis
574 3102 658 3157 costis
672 3102 814 3158 devoratis
827 3102 941 3159 metalla
956 3104 1099 3161 redimam.

325 3176 449 3236 01110.
470 3177 533 3255 Ego
546 3198 615 3239 sero
627 3199 658 3237 ιιι
679 3180 847 3239 Senatum*
838 3200 959 3259 irruens,
975 3184 1003 3241 si
1023 3184 1117 3275 omnia
1138 3180 1236 3240 infima
1255 3182 1367 3240 summis
1413 3214 1414 3239 ;

283 3258 367 3332 paria
378 3257 492 3318 facium.

324 3336 369 3396 11.
391 3336 456 3413 Ego
468 3358 537 3398 sero
552 3340 680 3413 podicem
693 3345 774 3398 tunm
790 3360 844 3415 pro
859 3342 994 3400 intestino
1007 3343 1132 3417 agitabo.

324 3416 441 3479 01110.
465 3419 528 3495 ligo
540 3438 610 3479 vero
623 3422 725 3494 podice
737 3424 886 3497 impulsum
902 3430 930 3480 te
943 3425 1091 3482 extrudam
1106 3439 1253 3481 cernuum.

281 3582 414 3654 tmesis.

325 3647 445 3719 0110.
467 3660 511 3720 Ut
523 3680 577 3737 ego
590 3663 641 3719 te
632 3680 662 3719 m
677 3680 767 3721 nervo
780 3666 988 3740 constringam¹
1088 3690 1090 3695 ’

320 3739 370 3800 ls.
395 3741 568 3801 Timiditatis
581 3761 657 3801 reem
670 3752 699 3801 te
712 3762 802 3818 agam.

319 3819 443 3880 0110.
465 3822 584 3881 Corium
599 3830 679 3881 tuum
692 3827 767 3882 sellie
781 3826 950 3885 obducetur.

320 3899 371 3959 11.
393 3903 559 3962 Exeoriabo
572 3911 612 3977 te,
625 3913 654 3962 et
667 3905 769 3963 taciem
782 3924 817 3965 eu
832 3914 860 3963 te
873 3924 985 3965 saccum
1000 3904 1153 3967 iustorum.

317 3979 436 4052 CLEO.
458 3984 633 4043 Distenderia
646 3986 724 4043 humi
751 3987 864 4059 paxillis
877 3987 995 4047 adriam.

319 4046 367 4118 11.
389 4062 590 4123 Minutaliaex
604 4064 759 4125 teiaeiasn.
1082 4084 1086 4089 ’

318 4138 437 4201 01110.
459 4144 827 4219 Palpebrastnaaevellanu.

318 4219 366 4282 18.
389 4220 547 4300 Inglnrienr
561 4235 637 4285 tuam
649 4226 823 4289 exscindam.

323 3498 448 3561 CHOR.
469 3502 520 3574 At,
535 3520 585 3577 per
598 3500 777 3577 Neptunum,
801 3506 893 3563 trahes
915 3522 960 3561 me
973 3523 1096 3580 qnoque,
1109 3507 1132 3563 si
1156 3504 1269 3579 quidem
1292 3502 1368 3561 hune
