2875 4984
264 355 328 422 lid
609 352 1023 417 ARISTOPHANIS

260 512 420 589 ssqustm?
442 512 576 572 converte
589 516 619 573 te
629 517 661 572 et
671 513 806 591 adspices
828 515 937 574 custodi
950 519 980 574 te
991 517 1082 581 caute,
1091 511 1176 571 multi
1188 510 1262 572 enim
1274 512 1340 570 suni

253 595 311 655 'bic
323 594 497 653 fraudulenti
510 600 540 652 et
551 595 726 672 versipelles,
740 599 852 671 nequis
874 615 892 654 a
905 604 987 672 tergo
1004 597 1133 654 hobitum
1146 601 1276 652 nostrum
1288 594 1341 652 ob.

264 681 367 738 servet.
408 673 464 734 Sed
484 675 605 751 pedibus
618 694 701 751 quam
721 685 794 753 pote
805 680 957 753 plurimum
978 695 1082 735 sensns
1099 677 1208 734 incede.
1249 672 1340 740 Nobis

263 759 340 817 enim
349 756 470 816 dedecus
480 757 581 816 afferat
592 759 762 817 omnibusen
775 777 829 834 res,
838 760 861 816 si
870 778 888 816 n
898 760 964 818 siris
974 759 1113 835 deprenso
1122 757 1219 815 fuerit.
1233 754 1341 822 Quam·

263 839 364 897 obrem
387 837 519 912 succinge
541 843 581 912 te,
595 839 817 914 circumquaque
840 844 1005 914 observans,
1029 848 1061 898 et
1080 840 1160 912 illuc,
1172 845 1203 896 et
1224 836 1283 894 buc
1305 835 1339 892 sd

268 919 412 994 dextram,
426 938 463 977 ne
476 920 537 977 haec
551 937 594 978 res
608 919 770 981 infortunio
787 923 871 980 nobis
883 925 930 982 sit.
972 920 1025 980 Sed
1047 920 1233 978 reclinemus:
1264 933 1342 974 uam.

265 1017 322 1076 qne
336 1018 428 1075 prope
441 1001 520 1058 illum
531 1000 592 1075 jam
606 1003 817 1077 sumuslocnm,
831 1006 907 1061 uode
923 1002 1132 1061 incensionem
1153 996 1340 1074 perreximus,

264 1099 354 1155 quum
364 1099 400 1140 eo
413 1081 520 1140 ivimus.
562 1081 642 1152 Quin
656 1084 834 1158 conspicitur
844 1085 905 1160 jam
918 1087 1031 1157 domus,
1041 1101 1076 1140 ex
1090 1099 1149 1156 qus
1160 1088 1203 1137 est
1213 1080 1275 1136 elur
1284 1078 1340 1151 illa,

263 1163 408 1238 egregium
422 1169 581 1222 commenta
594 1165 713 1239 fannus,
723 1166 801 1237 qood
816 1165 1138 1240 comprobaruntcires.
1165 1159 1273 1234 Itaque
1284 1176 1340 1216 uon

264 1247 319 1319 est,
337 1251 370 1301 ut
381 1245 500 1318 emplius
513 1255 676 1304 cunctemur
686 1249 879 1320 opperientes,
894 1250 1053 1318 barbasque
1066 1249 1163 1300 mento
1171 1246 1284 1312 aptatos
1294 1239 1340 1296 hn-

264 1324 376 1398 sentes,
391 1327 499 1400 nequis
512 1325 589 1385 sorte
602 1327 773 1395 possideat,
788 1333 818 1385 et
830 1328 951 1386 medium
965 1327 994 1383 in
1009 1343 1109 1400 agmen
1124 1331 1254 1381 nostrum
1263 1321 1341 1376 inro-

265 1407 317 1464 let.
358 1405 411 1465 Sed
420 1425 471 1482 age
485 1408 541 1465 huc
555 1409 584 1465 in
598 1410 698 1466 umbre
712 1409 848 1467 secedens
859 1410 897 1467 sd
910 1409 1060 1483 parietem,
1075 1404 1150 1462 limis
1174 1402 1339 1477 respiciens,

264 1503 364 1545 rursus
376 1488 505 1547 habitum
519 1498 609 1564 muta,
625 1497 655 1548 et
668 1497 854 1564 componete
868 1492 903 1547 ad
917 1489 1036 1547 eundem
1049 1487 1175 1558 modum,
1188 1501 1247 1557 quo
1260 1488 1341 1540 entes

265 1568 345 1626 culte
360 1587 443 1630 eres:
465 1576 494 1627 et
506 1588 543 1628 ne
555 1573 718 1628 cuncteris:
741 1573 849 1646 quippe
859 1571 919 1645 jam
932 1572 1033 1628 ducem
1048 1567 1179 1626 nostrum
1190 1565 1340 1622 omniume
1407 1516 1409 1625 i

265 1651 406 1709 concione
419 1653 575 1710 venientem
588 1654 724 1711 ridemus.
764 1651 817 1710 Sed
831 1653 936 1710 iestiun
948 1649 1051 1722 omnis,
1062 1655 1091 1706 et
1104 1648 1207 1707 taedeet
1221 1654 1251 1704 te
1276 1645 1339 1700 bar·

263 1729 330 1787 bum
344 1732 465 1806 amplius
478 1732 594 1808 habere,
611 1731 769 1809 presertim
783 1751 868 1807 quum
882 1733 938 1794 illae
948 1733 1101 1789 adveniant
1113 1735 1218 1788 restem
1232 1725 1340 1784 solnm

263 1807 323 1884 jem
338 1813 446 1884 pridem
459 1813 574 1870 indutie.

306 1889 434 1957 Pusx,
455 1891 510 1951 11ae
524 1893 607 1954 uobis
620 1910 675 1970 res,
685 1889 703 1950 ὃ
715 1894 859 1965 mulieres,
875 1910 1013 1966 prospere
1026 1895 1179 1960 cesserunt,
1189 1889 1226 1945 de
1239 1887 1341 1961 quibus

263 1971 491 2034 deliberavimus.
534 1974 587 2034 Sed
602 1993 687 2047 quem
701 1975 834 2034 citissime
845 1985 1000 2048 antequam
1016 1991 1069 2030 nos
1092 1971 1136 2030 sir
1148 1970 1289 2045 quispiam
1301 1969 1342 2024 ri·

263 2053 342 2130 dest,
356 2056 492 2131 projicite
506 2059 644 2129 penulas:
675 2057 795 2114 incesset
808 2057 874 2113 hinc
895 2057 983 2113 virilis
997 2056 1119 2125 calcem,
1133 2051 1343 2108 laconicornm

262 2134 360 2194 brute
372 2138 507 2212 colligata
518 2137 592 2212 loro,
608 2139 726 2195 baculos
739 2138 883 2194 dimittite.
925 2137 972 2192 Ac
985 2140 1017 2193 tu
1041 2133 1152 2208 quidem
1175 2133 1242 2188 istas
1260 2129 1342 2188 muli-

263 2231 326 2272 eres
339 2235 502 2290 compone:
533 2236 587 2291 ego
602 2235 672 2274 sero
691 2218 760 2274 volo
774 2219 852 2275 intro
866 2218 1032 2290 subrepens,
1045 2216 1211 2289 priusquam
1235 2211 1278 2268 sir
1300 2227 1342 2267 me

262 2296 369 2433 sidtsqt
384 2297 502 2372 pellium
517 2297 578 2370 ejus
593 2313 733 2370 reponere
745 2316 792 2375 eo,
808 2299 883 2356 unde
894 2299 991 2372 sumsi,
1005 2305 1037 2356 ut
1048 2303 1079 2354 et
1099 2297 1165 2371 alia,
1180 2309 1245 2368 qus
1259 2294 1342 2350 domo
1410 2226 1412 2361 i

263 2391 302 2434 ex
317 2395 335 2432 u
348 2397 367 2435 ι.

306 2455 430 2515 CHOR.
452 2455 557 2515 Omnia
571 2475 633 2530 quae
647 2456 734 2531 dixti,
745 2457 805 2533 jam
817 2460 1077 2533 compositusunt:
1101 2463 1180 2514 tuum
1193 2457 1289 2512 nutem
1302 2455 1342 2510 esi

262 2536 394 2612 deinceps
407 2540 521 2612 docere,
540 2538 674 2611 quidnam
684 2545 799 2612 agentes
815 2539 998 2599 conducibile
1021 2540 1074 2598 tibi
1086 2537 1246 2597 ridebimur
1269 2540 1342 2590 recte
1411 2462 1413 2571 i

262 2620 435 2677 auscultare.
477 2617 632 2693 Nunquam
645 2620 719 2677 enim
736 2639 799 2678 cum
813 2623 1011 2697 ullamuliere,
1026 2639 1091 2695 quae
1105 2626 1135 2678 te
1144 2615 1265 2695 peritior
1273 2614 1343 2672 ucri·
1411 2612 1412 2631 ¹

263 2715 353 2772 osque
366 2705 449 2773 esset,
462 2701 521 2758 scio
534 2718 579 2759 me
593 2718 771 2776 congressam
786 2702 884 2760 inisse.

301 2778 425 2840 PRAX.
447 2779 630 2856 Opperimini
645 2799 731 2855 nunc,
748 2788 781 2838 ot
793 2784 856 2857 ejus
869 2783 983 2859 imperi,
997 2782 1076 2855 quod
1088 2780 1157 2839 mibi
1167 2779 1342 2838 modoman·

258 2861 358 2920 datum
372 2867 426 2935 est,
440 2864 523 2920 robis
538 2863 704 2920 consiliariis
718 2869 785 2919 utar
793 2882 802 2933 3
827 2864 849 2920 si
863 2865 975 2936 quidem
989 2862 1049 2922 illic
1070 2865 1101 2923 iu
1114 2861 1208 2921 medio
1218 2859 1344 2920 tumutu

260 2947 291 3002 st
303 2945 387 3000 rebus
397 2944 503 3019 asperis
518 2942 685 3000 fortissimus
697 2959 748 3000 vos
760 2953 882 3017 experta
895 2963 966 3003 sum.

166 3105 171 3114 .
199 3054 201 3062 v
300 3019 861 3100 01103.(οεοεισιιονῑωηεεωω.)

445 3255 670 3338 sessurus,
685 3254 965 3336 Pnsxrcoss,
981 3231 1154 3318 cuorus

296 3410 410 3475 BLEP.
431 3413 512 3476 Heus
525 3420 570 3488 to,
583 3417 658 3475 uode
670 3416 758 3491 venis,
773 3413 962 3492 Praxagorsi

295 3493 419 3557 PRAX.
440 3495 593 3565 Quintus,
608 3497 626 3554 d
642 3499 729 3570 bone,
744 3498 883 3557 interest?

171 3621 174 3627 -
295 3575 408 3636 BLEP.
431 3577 509 3647 Quid
523 3597 585 3638 mea
598 3576 732 3636 intersiti
755 3597 839 3653 quam
854 3580 953 3653 inepte
965 3578 1023 3635 lroc
1036 3576 1141 3652 rogas!

294 3654 420 3717 PRAX.
442 3659 547 3718 Saltem
560 3660 596 3717 de
610 3659 725 3717 moecho
738 3662 838 3733 aliquo
850 3679 912 3719 nou
924 3658 993 3719 mihi
1005 3660 1146 3721 oarrnbis.

293 3735 408 3798 BLEP.
431 3737 501 3799 Non
515 3740 551 3798 de
563 3758 620 3798 uno
633 3740 722 3798 sorte.

294 3816 420 3880 PRAX.
442 3819 535 3894 Atqui
547 3821 624 3879 istud
637 3822 690 3880 tibi
703 3822 857 3897 explorare
870 3822 948 3882 licet.

293 3897 408 3958 BLEP.
429 3900 498 3970 Quo
511 3901 599 3961 modo
614 3901 626 3961 l

295 3975 419 4040 PRAX.
440 3981 469 4040 Si
482 3984 578 4059 capite
591 3987 770 4060 unquentum
781 3983 909 4042 redoleo.

291 4056 404 4119 BLEP.
425 4059 502 4131 Quid
514 4065 608 4124 vero?
629 4083 690 4124 uon
704 4066 884 4143 subegitsinr
897 4065 983 4123 etism
1002 4062 1103 4123 mulier
1116 4061 1226 4137 ubsque
1248 4077 1343 4140 ungu·

258 4138 423 4283 mffiAX.
444 4222 514 4283 Non
528 4230 640 4285 ecastor
654 4245 720 4303 ego.

289 4301 402 4361 BLliP.
417 4303 739 4381 Curigituretquonam
748 4307 844 4367 abiisti
853 4304 1221 4381 diluculo,subductomibi
1230 4302 1338 4381 pollici

258 4381 418 4522 tuPllAll.
439 4383 548 4450 Mulier
562 4390 693 4462 quaedam
707 4391 787 4471 rods
799 4395 829 4450 et
842 4388 933 4452 amics
946 4394 1032 4449 nocte
1044 4407 1090 4448 me
1110 4387 1260 4448 arcessivit
1272 4403 1338 4462 par·

292 4481 376 4525 neos.
