2875 4984
295 400 356 458 202
674 389 1068 454 ARISTOPHANIS

338 550 470 615 NUNT.
483 549 511 611 1.
531 548 603 625 Ubi,
626 553 677 610 ubi
698 559 752 627 est,
777 551 839 624 ubi,
853 552 913 619 ubi,
935 552 988 609 ubi
1009 556 1063 629 ast,
1077 550 1140 627 ubi,
1154 548 1223 625 nbi,
1247 545 1297 608 ubi
1323 554 1381 624 est,·

298 637 361 704 ubi,
375 636 424 692 ubi
437 636 567 694 locorum
577 639 621 691 est
633 633 815 692 Pistbetaerns
829 632 1011 706 Imperator?

340 713 470 775 Pls’rls.
491 716 593 771 Adest.

339 795 373 855 N
377 793 474 853 UNT.
490 792 515 851 l.
538 793 723 852 Exaedificata
736 794 789 853 tibi
800 802 870 852 sunt
882 795 993 856 moenia.

342 873 470 935 PISTH.
491 873 569 933 Bene
582 877 661 933 dicis.

341 954 468 1015 NUNT.
483 953 506 1013 I.
528 954 753 1013 Pulcherrimum
768 972 841 1028 opus
854 961 884 1013 et
895 953 1206 1031 magnificentissimum,
1214 957 1249 1010 ut
1262 953 1290 1010 iu
1302 970 1379 1010 snm·

303 1057 351 1097 mo
364 1056 458 1111 muro,
473 1038 576 1095 etenim
590 1044 670 1093 tanta
682 1042 725 1094 est
738 1036 810 1092 illius
826 1037 958 1093 latitudo.
1001 1034 1174 1093 Proxenidas
1182 1035 1379 1109 Gompnsensis

301 1127 332 1176 et
344 1116 509 1193 Theogenes
521 1118 575 1175 sibi
590 1125 772 1175 occurrentes
794 1119 936 1192 agitarent
957 1134 1067 1189 currus,
1080 1116 1181 1189 quibus
1202 1119 1269 1188 equi
1288 1119 1379 1173 essent

298 1200 396 1274 juncti
411 1199 473 1270 pari
486 1198 677 1273 magnitudine
689 1206 775 1269 atque
789 1195 907 1273 Durius,
922 1205 952 1256 et
963 1196 1046 1255 facile
1060 1203 1299 1271 praetermearent.

349 1277 480 1337 PISTH.
500 1278 639 1336 Hercules
653 1288 729 1335 tuam
747 1277 850 1336 fidem!

327 1358 476 1421 'NUNT.
491 1358 517 1417 Ι.
538 1356 704 1433 Longitndo
716 1366 821 1433 autem,
836 1364 947 1434 egomet
954 1358 1027 1416 enim
1037 1376 1150 1416 murum
1160 1358 1380 1425 dimensnssusn,

305 1447 417 1500 eentum
432 1452 476 1500 est
488 1442 631 1497 ulnarum.

345 1519 470 1581 PISTH.
485 1521 545 1581 Pro
558 1519 711 1595 Neptune!
727 1519 1007 1595 quantalongitudo!
1022 1522 1070 1593 qui
1083 1536 1154 1578 sero
1163 1518 1242 1576 illum
1251 1525 1382 1577 exstrux-

304 1602 511 1662 erunttalemi

346 1683 377 1741 N
381 1682 477 1741 UNT.
492 1682 516 1741 l.
538 1682 627 1755 Ares,
642 1698 782 1753 nemoque
796 1684 901 1753 preter
912 1696 958 1737 eea
974 1681 1056 1754 alius,
1070 1698 1129 1736 nou
1143 1676 1299 1757 AEpyptius
1313 1681 1381 1736 late·

306 1782 372 1821 rum
385 1763 510 1837 bajulus,
522 1781 580 1820 non
591 1761 713 1836 lapicida
726 1780 778 1817 nec
792 1761 872 1818 saber
886 1762 1004 1833 aderat3
1027 1761 1075 1818 sed
1089 1762 1157 1835 ipse
1170 1766 1279 1818 suamet
1287 1760 1382 1817 indus·

306 1844 372 1913 tria,
386 1845 458 1900 adeo
473 1848 505 1899 nt
517 1844 547 1899 in
558 1841 775 1898 admirationem
798 1842 854 1898 hoc
876 1860 920 1901 me
942 1844 1044 1917 rapiat.
1086 1839 1132 1898 Ex
1154 1838 1251 1917 Libya
1272 1842 1382 1914 quidem

307 1930 449 1981 venerunt
460 1924 578 1999 triginta
591 1923 704 1979 circiter
719 1920 809 1979 millia
830 1940 941 1996 gruum,
957 1941 1021 1996 quae
1034 1921 1141 1996 lapides
1163 1922 1381 1996 deglutiverant‚

308 2004 414 2078 quibus
425 2004 609 2066 fundamenta
622 2002 887 2061 substernerentur:
919 2004 971 2060 hos
983 2008 1077 2061 antem
1096 2020 1190 2060 creces
1214 2001 1315 2060 sostris
1328 2002 1381 2057 suis

306 2086 550 2159 complanabant:
564 2086 626 2142 alia
639 2090 734 2141 numm
742 2083 845 2142 lateres
854 2084 1046 2158 adportabant
1054 2084 1170 2141 ciconiae
1179 2083 1277 2141 decem
1287 2083 1378 2139 mille:

305 2186 407 2241 aquam
419 2174 512 2226 autem
519 2166 651 2225 terebant
661 2184 678 2222 e
688 2171 765 2223 terra
777 2166 814 2222 ad
821 2170 914 2223 aeram
926 2164 1077 2239 charadrii,
1090 2170 1246 2238 cetesaeqne
1255 2181 1320 2223 ares
1333 2164 1382 2219 fln-
1410 2240 1411 2245 η

306 2250 426 2306 siatiles.

347 2325 474 2385 PISTH.
495 2324 876 2400 Lutumreroquinamillis
889 2325 1077 2387 adferebant?

347 2405 475 2466 NUN'L'
490 2406 516 2465 1.
537 2406 664 2464 Fulrcae
657 2426 685 2463 ιι
699 2409 838 2480 pelvibus

349 2484 416 2544 Pls'
418 2486 477 2543 ΓΗ.
497 2488 540 2544 At
552 2505 611 2560 quo
625 2493 711 2587 pacto
725 2488 834 2545 lutum
826 2506 855 2543 ιι
870 2490 964 2561 pelves
979 2485 1170 2565 injiciebant?

350 2566 682 2642 NUNT.I.1stuc‚
665 2587 694 2625 o
707 2570 794 2640 boue,
815 2568 960 2627 incentum
980 2579 1024 2627 est
1044 2570 1222 2641 lepidissime.
1264 2564 1381 2625 Anseres

309 2656 441 2709 eruentes
459 2649 577 2721 pedibus
585 2667 653 2721 aurs,
665 2651 754 2706 relrrti
767 2652 849 2726 palis,
863 2651 977 2707 lutum
969 2670 998 2707 sn
1013 2653 1108 2725 pelves
1121 2648 1300 2724 ingerebant.
1409 2694 1410 2719 ι

351 2727 479 2788 PISTH.
499 2729 577 2798 Quid
591 2732 695 2803 pedes
688 2731 775 2804 igitur
788 2750 848 2787 non
862 2730 1037 2789 conficiant?
1409 2720 1410 2737 Ι

350 2810 481 2870 NUNT.
498 2809 522 2868 Ι.
544 2812 643 2883 Atque
656 2811 757 2883 edepol
772 2820 868 2871 anates
880 2813 964 2871 etiam
980 2813 1139 2886 praecincta
1161 2811 1263 2867 lateres
1282 2809 1382 2883 adpor-

310 2894 432 2950 tabant:
455 2909 566 2949 eorsum
579 2899 674 2948 autern
687 2892 823 2948 volabant
825 2899 929 2967 ‚tergo
943 2893 1103 2965 impositam
1120 2891 1235 2948 trullam
1248 2896 1382 2965 gerentes,

312 2983 446 3044 tanquam
462 2972 595 3043 pueruli.
619 2972 731 3027 lutum
723 2990 753 3027 ιι
768 2991 819 3030 ore
831 2973 962 3031 ferebant
976 2973 1150 3030 hirundines.

353 3051 479 3109 PlSTH.
501 3050 662 3119 Quorsum
655 3053 738 3125 igitur
747 3070 934 3111 mercenarios
941 3072 1004 3125 qurs
1014 3056 1133 3126 amplius
1146 3050 1275 3109 mercede
1288 3049 1409 3113 condu

313 3134 382 3190 cat?
404 3133 607 3207 Agevideam:
631 3132 807 3206 quidecim?
835 3135 913 3210 ligna
925 3136 1038 3208 quaead
1060 3151 1172 3191 murum
1196 3132 1409 3205 pertinebant,

313 3214 429 3285 quinam
443 3213 650 3270 elaborarunt?

354 3290 485 3350 NUNT.
502 3290 529 3349 Ι.
550 3294 627 3350 Aves
641 3300 723 3352 erant
746 3294 821 3353 iabri
842 3296 954 3371 lignarii
977 3293 1168 3353 callentissimi
1191 3290 1387 3365 pelecan1,qur
1408 3264 1409 3336 Ι

314 3376 414 3432 rostris
425 3374 631 3431 dedolarernnt
633 3381 763 3468 ‘pzortas
787 3383 848 3433 erat
857 3383 951 3433 autem
961 3377 1070 3433 sonitus
1078 3376 1140 3433 ab''
1124 3394 1166 3449 ns,
1178 3371 1387 3437 dumdolarent,

313 3454 465 3527 excitatns,
478 3456 569 3528 qualis
579 3455 640 3513 est
632 3474 661 3511 ιιι
675 3457 778 3514 navali.
806 3455 843 3513 Et
852 3458 946 3514 omnia
959 3475 1034 3515 nunc
1046 3457 1099 3513 ista
1109 3455 1200 3531 portis
1210 3457 1275 3512 sunt
1290 3453 1386 3509 instru-

314 3542 373 3604 cta,
399 3537 518 3610 pessulis
542 3537 667 3608 occlusa,
681 3542 711 3593 et
732 3537 917 3611 undequaque
939 3536 1148 3606 custodiuntur,
1172 3534 1408 3601 circumeuntes,

314 3617 509 3673 tintinnabulo
521 3616 624 3692 sigiliae
647 3617 847 3690 explorantur,
862 3620 967 3689 ubique
979 3619 1106 3675 excubiae
1130 3620 1198 3673 eunt
1218 3606 1408 3680 constitute,

313 3702 344 3755 et
357 3704 510 3753 nocturnae
523 3695 621 3778 iaces
613 3715 642 3752 ιι
655 3698 790 3756 turribus.
832 3699 886 3757 Sed
896 3718 950 3775 ego
960 3698 1026 3757 binc
1038 3698 1196 3774 digrediens
1207 3713 1251 3753 me
1258 3694 1385 3751 abluam

314 3783 346 3834 tn
358 3779 474 3834 antem
467 3796 528 3852 ipse
537 3771 597 3853 jam
612 3795 689 3834 nunc
702 3784 795 3836 cetera
807 3780 922 3853 perfice.

354 3856 479 3915 CHOR.
501 3857 581 3916 Heus
595 3865 638 3931 tu,
649 3860 717 3932 quid
731 3859 813 3935 agis?
841 3880 877 3921 an
891 3860 1000 3921 miraris
1013 3864 1093 3951 tanta
1117 3858 1262 3916 celeritate
1281 3869 1386 3913 murum

310 3954 374 3994 esse
387 3936 617 3997 eommoenitum?

356 4014 484 4076 PISTH.
506 4018 552 4077 Ita
564 4020 692 4099 equidem
714 4020 830 4078 hercle.
853 4023 955 4079 etenim
969 4038 1014 4078 res
1031 4022 1074 4078 est
1094 4016 1284 4075 admiratione
1298 3994 1407 4091 ιΙίςιι,Ι

315 4092 393 4153 Nam
407 4116 503 4155 revera
518 4101 578 4157 haec
591 4100 661 4157 mibi
673 4091 751 4159 salsis
764 4106 929 4159 commentis
942 4102 1043 4159 similia
1063 4100 1207 4157 ridentur.
1248 4095 1304 4154 Sed
1330 4090 1386 4169 quid

314 4177 419 4235 accidit
431 4197 517 4237 non
490 4179 520 4219 Ι
542 4199 607 4238 ecce
619 4183 744 4241 animab
757 4184 969 4243 excubitoribus
983 4182 1099 4240 nuntius
1112 4180 1158 4240 hie
1171 4181 1208 4247 ad
1225 4195 1277 4238 nos
1293 4191 1385 4236 accur·

314 4258 364 4335 tit,
378 4258 507 4322 bellicum
519 4262 643 4321 intuens
782 4270 784 4279 '
