<?xml version="1.0" encoding="UTF-8"?>
<!DOCTYPE html PUBLIC "-//W3C//DTD XHTML 1.0 Transitional//EN"
    "http://www.w3.org/TR/xhtml1/DTD/xhtml1-transitional.dtd">
<html xmlns="http://www.w3.org/1999/xhtml" xml:lang="en" lang="en">
 <head>
  <title>
</title>
<meta http-equiv="Content-Type" content="text/html;charset=utf-8" />
  <meta name='ocr-system' content='tesseract 3.04.00' />
  <meta name='ocr-capabilities' content='ocr_page ocr_carea ocr_par ocr_line ocrx_word'/>
</head>
<body>
  <div class='ocr_page' id='page_1' title='image "aristophaniscom00brungoog_0172.png"; bbox 0 0 2875 4984; ppageno 0'>
   <div class='ocr_carea' id='block_1_1' title="bbox 232 341 1004 438">
    <p class='ocr_par' dir='ltr' id='par_1_1' title="bbox 232 341 1004 438">
     <span class='ocr_line' id='line_1_1' title="bbox 232 341 1004 438; baseline 0 -30"><span class='ocrx_word' id='word_1_1' title='bbox 232 346 291 412; x_wconf 73' lang='lat' dir='ltr'><strong>aer</strong></span> <span class='ocrx_word' id='word_1_2' title='bbox 556 427 563 438; x_wconf 88' lang='lat'>.</span> <span class='ocrx_word' id='word_1_3' title='bbox 589 341 1004 410; x_wconf 77' lang='lat' dir='ltr'><strong>su1sroenau1s.</strong></span> 
     </span>
    </p>
   </div>
   <div class='ocr_carea' id='block_1_2' title="bbox 237 505 1346 4135">
    <p class='ocr_par' dir='ltr' id='par_1_2' title="bbox 237 505 1335 747">
     <span class='ocr_line' id='line_1_2' title="bbox 276 505 1335 586; baseline -0.009 -15"><span class='ocrx_word' id='word_1_4' title='bbox 276 505 384 571; x_wconf 85' lang='lat' dir='ltr'><strong>JUST.</strong></span> <span class='ocrx_word' id='word_1_5' title='bbox 406 507 557 582; x_wconf 83' lang='lat' dir='ltr'><strong>ananla</strong></span> <span class='ocrx_word' id='word_1_6' title='bbox 567 513 612 570; x_wconf 83' lang='lat' dir='ltr'><strong>est</strong></span> <span class='ocrx_word' id='word_1_7' title='bbox 624 509 748 570; x_wconf 79' lang='lat' dir='ltr'><strong>stultitia</strong></span> <span class='ocrx_word' id='word_1_8' title='bbox 758 514 821 586; x_wconf 83' lang='lat' dir='ltr'><strong>tua,</strong></span> <span class='ocrx_word' id='word_1_9' title='bbox 834 514 866 570; x_wconf 86' lang='lat' dir='ltr'><strong>et</strong></span> <span class='ocrx_word' id='word_1_10' title='bbox 886 507 1022 586; x_wconf 73' lang='lat' dir='ltr'><strong>deitatis,</strong></span> <span class='ocrx_word' id='word_1_11' title='bbox 1034 523 1100 581; x_wconf 76' lang='lat' dir='ltr'><strong>qne</strong></span> <span class='ocrx_word' id='word_1_12' title='bbox 1119 511 1150 568; x_wconf 87' lang='lat' dir='ltr'><strong>ts</strong></span> <span class='ocrx_word' id='word_1_13' title='bbox 1171 507 1235 585; x_wconf 88' lang='lat' dir='ltr'><strong>alit,</strong></span> <span class='ocrx_word' id='word_1_14' title='bbox 1255 519 1335 568; x_wconf 52' lang='lat' dir='ltr'><strong>cora</strong></span> 
     </span>
     <span class='ocr_line' id='line_1_3' title="bbox 237 589 1103 747; baseline -0.003 -17"><span class='ocrx_word' id='word_1_15' title='bbox 237 589 792 747; x_wconf 35' lang='lat' dir='ltr'><strong>wiligilitelilu&amp;slessuigizflliiesnlriffqlui</strong></span> <span class='ocrx_word' id='word_1_16' title='bbox 804 689 891 731; x_wconf 83' lang='lat' dir='ltr'><strong>senex</strong></span> <span class='ocrx_word' id='word_1_17' title='bbox 903 689 934 730; x_wconf 89' lang='lat' dir='ltr'><strong>es</strong></span> <span class='ocrx_word' id='word_1_18' title='bbox 945 676 977 730; x_wconf 93' lang='lat' dir='ltr'><strong>et</strong></span> <span class='ocrx_word' id='word_1_19' title='bbox 987 670 1103 729; x_wconf 85' lang='lat' dir='ltr'><strong>deliras.</strong></span> 
     </span>
    </p>

    <p class='ocr_par' dir='ltr' id='par_1_3' title="bbox 238 747 1328 894">
     <span class='ocr_line' id='line_1_4' title="bbox 278 747 1328 831; baseline -0.002 -21"><span class='ocrx_word' id='word_1_20' title='bbox 278 749 299 811; x_wconf 91' lang='lat' dir='ltr'><strong>J</strong></span> <span class='ocrx_word' id='word_1_21' title='bbox 303 749 387 811; x_wconf 88' lang='lat' dir='ltr'><strong>UST.</strong></span> <span class='ocrx_word' id='word_1_22' title='bbox 408 749 437 811; x_wconf 89' lang='lat' dir='ltr'><strong>Sl</strong></span> <span class='ocrx_word' id='word_1_23' title='bbox 448 753 535 812; x_wconf 89' lang='lat' dir='ltr'><strong>modo</strong></span> <span class='ocrx_word' id='word_1_24' title='bbox 547 756 731 814; x_wconf 84' lang='lat' dir='ltr'><strong>serraricum</strong></span> <span class='ocrx_word' id='word_1_25' title='bbox 744 751 919 831; x_wconf 57' lang='lat' dir='ltr'><strong>oporteant</strong></span> <span class='ocrx_word' id='word_1_26' title='bbox 931 769 992 812; x_wconf 91' lang='lat' dir='ltr'><strong>non</strong></span> <span class='ocrx_word' id='word_1_27' title='bbox 1012 747 1214 826; x_wconf 79' lang='lat' dir='ltr'><strong>loqmcitalom</strong></span> <span class='ocrx_word' id='word_1_28' title='bbox 1227 749 1328 810; x_wconf 75' lang='lat' dir='ltr'><strong>solun</strong></span> 
     </span>
     <span class='ocr_line' id='line_1_5' title="bbox 238 851 379 894; baseline -0.014 0"><span class='ocrx_word' id='word_1_29' title='bbox 238 851 379 894; x_wconf 79' lang='lat' dir='ltr'><strong>exercere.</strong></span> 
     </span>
    </p>

    <p class='ocr_par' dir='ltr' id='par_1_4' title="bbox 281 909 935 989">
     <span class='ocr_line' id='line_1_6' title="bbox 281 909 935 989; baseline -0.003 -15"><span class='ocrx_word' id='word_1_30' title='bbox 281 911 362 974; x_wconf 90' lang='lat' dir='ltr'><strong>INJ.</strong></span> <span class='ocrx_word' id='word_1_31' title='bbox 384 909 450 972; x_wconf 87' lang='lat' dir='ltr'><strong>Huc</strong></span> <span class='ocrx_word' id='word_1_32' title='bbox 463 915 576 989; x_wconf 88' lang='lat' dir='ltr'><strong>aceede,</strong></span> <span class='ocrx_word' id='word_1_33' title='bbox 589 919 620 975; x_wconf 82' lang='lat' dir='ltr'><strong>ut</strong></span> <span class='ocrx_word' id='word_1_34' title='bbox 631 915 716 974; x_wconf 87' lang='lat' dir='ltr'><strong>istum</strong></span> <span class='ocrx_word' id='word_1_35' title='bbox 731 914 792 973; x_wconf 88' lang='lat' dir='ltr'><strong>sine</strong></span> <span class='ocrx_word' id='word_1_36' title='bbox 803 914 935 972; x_wconf 84' lang='lat' dir='ltr'><strong>insanire.</strong></span> 
     </span>
    </p>

    <p class='ocr_par' dir='ltr' id='par_1_5' title="bbox 281 991 961 1070">
     <span class='ocr_line' id='line_1_7' title="bbox 281 991 961 1070; baseline 0 -16"><span class='ocrx_word' id='word_1_37' title='bbox 281 993 302 1054; x_wconf 89' lang='lat' dir='ltr'>J</span> <span class='ocrx_word' id='word_1_38' title='bbox 305 991 389 1055; x_wconf 85' lang='lat' dir='ltr'><strong>UST.</strong></span> <span class='ocrx_word' id='word_1_39' title='bbox 411 991 583 1070; x_wconf 78' lang='lat' dir='ltr'><strong>vapulabis,</strong></span> <span class='ocrx_word' id='word_1_40' title='bbox 598 996 623 1054; x_wconf 89' lang='lat' dir='ltr'><strong>si</strong></span> <span class='ocrx_word' id='word_1_41' title='bbox 636 1013 749 1055; x_wconf 77' lang='lat' dir='ltr'><strong>maurim</strong></span> <span class='ocrx_word' id='word_1_42' title='bbox 761 991 789 1054; x_wconf 84' lang='lat' dir='ltr'><strong>el</strong></span> <span class='ocrx_word' id='word_1_43' title='bbox 801 995 961 1054; x_wconf 81' lang='lat' dir='ltr'><strong>admoveas.</strong></span> 
     </span>
    </p>

    <p class='ocr_par' dir='ltr' id='par_1_6' title="bbox 242 1069 1332 1316">
     <span class='ocr_line' id='line_1_8' title="bbox 283 1069 1332 1144; baseline -0.006 -11"><span class='ocrx_word' id='word_1_44' title='bbox 283 1073 404 1136; x_wconf 84' lang='lat' dir='ltr'><strong>CHOR.</strong></span> <span class='ocrx_word' id='word_1_45' title='bbox 427 1073 555 1136; x_wconf 78' lang='lat' dir='ltr'><strong>Desinite</strong></span> <span class='ocrx_word' id='word_1_46' title='bbox 569 1075 638 1136; x_wconf 81' lang='lat' dir='ltr'><strong>rixae</strong></span> <span class='ocrx_word' id='word_1_47' title='bbox 652 1083 682 1136; x_wconf 89' lang='lat' dir='ltr'><strong>et</strong></span> <span class='ocrx_word' id='word_1_48' title='bbox 695 1078 912 1136; x_wconf 71' lang='lat' dir='ltr'><strong>considerent</strong></span> <span class='ocrx_word' id='word_1_49' title='bbox 933 1075 982 1134; x_wconf 89' lang='lat' dir='ltr'><strong>sed</strong></span> <span class='ocrx_word' id='word_1_50' title='bbox 994 1071 1150 1144; x_wconf 73' lang='lat' dir='ltr'><strong>ostendite,</strong></span> <span class='ocrx_word' id='word_1_51' title='bbox 1164 1076 1196 1128; x_wconf 92' lang='lat' dir='ltr'><strong>tu</strong></span> <span class='ocrx_word' id='word_1_52' title='bbox 1211 1069 1332 1143; x_wconf 86' lang='lat' dir='ltr'><strong>quidem</strong></span> 
     </span>
     <span class='ocr_line' id='line_1_9' title="bbox 242 1152 1331 1234; baseline -0.005 -21"><span class='ocrx_word' id='word_1_53' title='bbox 242 1157 346 1232; x_wconf 85' lang='lat' dir='ltr'><strong>prioris</strong></span> <span class='ocrx_word' id='word_1_54' title='bbox 358 1157 412 1216; x_wconf 79' lang='lat' dir='ltr'><strong>ceri</strong></span> <span class='ocrx_word' id='word_1_55' title='bbox 433 1157 559 1216; x_wconf 88' lang='lat' dir='ltr'><strong>homiues</strong></span> <span class='ocrx_word' id='word_1_56' title='bbox 572 1159 667 1234; x_wconf 84' lang='lat' dir='ltr'><strong>qualia</strong></span> <span class='ocrx_word' id='word_1_57' title='bbox 683 1159 837 1230; x_wconf 83' lang='lat' dir='ltr'><strong>docueris3</strong></span> <span class='ocrx_word' id='word_1_58' title='bbox 859 1162 891 1214; x_wconf 91' lang='lat' dir='ltr'><strong>tu</strong></span> <span class='ocrx_word' id='word_1_59' title='bbox 903 1174 973 1215; x_wconf 87' lang='lat' dir='ltr'><strong>rere</strong></span> <span class='ocrx_word' id='word_1_60' title='bbox 997 1171 1101 1212; x_wconf 88' lang='lat' dir='ltr'><strong>noram</strong></span> <span class='ocrx_word' id='word_1_61' title='bbox 1123 1152 1331 1226; x_wconf 63' lang='lat' dir='ltr'><strong>disciplinam</strong></span> 
     </span>
     <span class='ocr_line' id='line_1_10' title="bbox 243 1235 1170 1316; baseline -0.004 -20"><span class='ocrx_word' id='word_1_62' title='bbox 243 1242 277 1296; x_wconf 87' lang='lat' dir='ltr'><strong>nt</strong></span> <span class='ocrx_word' id='word_1_63' title='bbox 290 1239 385 1296; x_wconf 88' lang='lat' dir='ltr'><strong>audita</strong></span> <span class='ocrx_word' id='word_1_64' title='bbox 396 1243 426 1295; x_wconf 90' lang='lat' dir='ltr'><strong>et</strong></span> <span class='ocrx_word' id='word_1_65' title='bbox 438 1237 592 1314; x_wconf 88' lang='lat' dir='ltr'><strong>dijudicata</strong></span> <span class='ocrx_word' id='word_1_66' title='bbox 604 1245 698 1298; x_wconf 86' lang='lat' dir='ltr'><strong>restra</strong></span> <span class='ocrx_word' id='word_1_67' title='bbox 710 1241 771 1316; x_wconf 90' lang='lat' dir='ltr'><strong>lite,</strong></span> <span class='ocrx_word' id='word_1_68' title='bbox 785 1239 815 1298; x_wconf 88' lang='lat' dir='ltr'><strong>ln</strong></span> <span class='ocrx_word' id='word_1_69' title='bbox 827 1238 926 1297; x_wconf 87' lang='lat' dir='ltr'><strong>ludum</strong></span> <span class='ocrx_word' id='word_1_70' title='bbox 938 1235 1101 1296; x_wconf 72' lang='lat' dir='ltr'><strong>alterutrius</strong></span> <span class='ocrx_word' id='word_1_71' title='bbox 1111 1240 1170 1294; x_wconf 86' lang='lat' dir='ltr'><strong>eat.</strong></span> 
     </span>
    </p>

    <p class='ocr_par' dir='ltr' id='par_1_7' title="bbox 284 1316 682 1378">
     <span class='ocr_line' id='line_1_11' title="bbox 284 1316 682 1378; baseline -0.003 -1"><span class='ocrx_word' id='word_1_72' title='bbox 284 1317 305 1377; x_wconf 85' lang='lat' dir='ltr'>J</span> <span class='ocrx_word' id='word_1_73' title='bbox 309 1317 393 1377; x_wconf 89' lang='lat' dir='ltr'><strong>UST.</strong></span> <span class='ocrx_word' id='word_1_74' title='bbox 417 1316 523 1378; x_wconf 84' lang='lat' dir='ltr'><strong>Facere</strong></span> <span class='ocrx_word' id='word_1_75' title='bbox 535 1319 590 1376; x_wconf 88' lang='lat' dir='ltr'><strong>ista</strong></span> <span class='ocrx_word' id='word_1_76' title='bbox 603 1322 682 1378; x_wconf 82' lang='lat' dir='ltr'><strong>volo.</strong></span> 
     </span>
    </p>

    <p class='ocr_par' dir='ltr' id='par_1_8' title="bbox 289 1398 640 1474">
     <span class='ocr_line' id='line_1_12' title="bbox 289 1398 640 1474; baseline 0 -17"><span class='ocrx_word' id='word_1_77' title='bbox 289 1398 368 1458; x_wconf 84' lang='lat' dir='ltr'><strong>INJ.</strong></span> <span class='ocrx_word' id='word_1_78' title='bbox 390 1398 452 1474; x_wconf 87' lang='lat' dir='ltr'><strong>Ego</strong></span> <span class='ocrx_word' id='word_1_79' title='bbox 464 1401 548 1458; x_wconf 85' lang='lat' dir='ltr'><strong>etiarn</strong></span> <span class='ocrx_word' id='word_1_80' title='bbox 561 1401 640 1457; x_wconf 83' lang='lat' dir='ltr'><strong>solo.</strong></span> 
     </span>
    </p>

    <p class='ocr_par' dir='ltr' id='par_1_9' title="bbox 286 1477 925 1558">
     <span class='ocr_line' id='line_1_13' title="bbox 286 1477 925 1558; baseline 0 -22"><span class='ocrx_word' id='word_1_81' title='bbox 286 1478 407 1541; x_wconf 86' lang='lat' dir='ltr'><strong>CHOR.</strong></span> <span class='ocrx_word' id='word_1_82' title='bbox 431 1480 502 1558; x_wconf 82' lang='lat' dir='ltr'><strong>Age,</strong></span> <span class='ocrx_word' id='word_1_83' title='bbox 517 1483 580 1556; x_wconf 84' lang='lat' dir='ltr'><strong>quis</strong></span> <span class='ocrx_word' id='word_1_84' title='bbox 593 1482 717 1555; x_wconf 76' lang='lat' dir='ltr'><strong>restrum</strong></span> <span class='ocrx_word' id='word_1_85' title='bbox 730 1480 806 1538; x_wconf 90' lang='lat' dir='ltr'><strong>dicet</strong></span> <span class='ocrx_word' id='word_1_86' title='bbox 823 1477 925 1554; x_wconf 80' lang='lat' dir='ltr'><strong>priori</strong></span> 
     </span>
    </p>

    <p class='ocr_par' dir='ltr' id='par_1_10' title="bbox 247 1554 1334 1878">
     <span class='ocr_line' id='line_1_14' title="bbox 287 1554 1332 1635; baseline -0.008 -17"><span class='ocrx_word' id='word_1_87' title='bbox 287 1559 366 1621; x_wconf 89' lang='lat' dir='ltr'><strong>INJ.</strong></span> <span class='ocrx_word' id='word_1_88' title='bbox 380 1559 432 1620; x_wconf 86' lang='lat' dir='ltr'><strong>isti</strong></span> <span class='ocrx_word' id='word_1_89' title='bbox 445 1564 597 1622; x_wconf 82' lang='lat' dir='ltr'>concedam</span> <span class='ocrx_word' id='word_1_90' title='bbox 610 1579 618 1619; x_wconf 78' lang='lat' dir='ltr'><strong>r</strong></span> <span class='ocrx_word' id='word_1_91' title='bbox 634 1562 736 1622; x_wconf 90' lang='lat' dir='ltr'><strong>deinde</strong></span> <span class='ocrx_word' id='word_1_92' title='bbox 747 1581 784 1620; x_wconf 86' lang='lat' dir='ltr'><strong>ex</strong></span> <span class='ocrx_word' id='word_1_93' title='bbox 796 1562 860 1631; x_wconf 87' lang='lat' dir='ltr'><strong>illis,</strong></span> <span class='ocrx_word' id='word_1_94' title='bbox 874 1577 938 1635; x_wconf 81' lang='lat' dir='ltr'><strong>qua</strong></span> <span class='ocrx_word' id='word_1_95' title='bbox 948 1557 1061 1631; x_wconf 78' lang='lat' dir='ltr'><strong>dixerit,</strong></span> <span class='ocrx_word' id='word_1_96' title='bbox 1073 1556 1164 1632; x_wconf 88' lang='lat' dir='ltr'><strong>ipsum</strong></span> <span class='ocrx_word' id='word_1_97' title='bbox 1174 1554 1332 1611; x_wconf 80' lang='lat' dir='ltr'><strong>norisver·</strong></span> 
     </span>
     <span class='ocr_line' id='line_1_15' title="bbox 248 1637 1333 1720; baseline -0.004 -22"><span class='ocrx_word' id='word_1_98' title='bbox 248 1642 291 1698; x_wconf 89' lang='lat' dir='ltr'><strong>bis</strong></span> <span class='ocrx_word' id='word_1_99' title='bbox 305 1649 336 1700; x_wconf 90' lang='lat' dir='ltr'><strong>et</strong></span> <span class='ocrx_word' id='word_1_100' title='bbox 348 1643 503 1717; x_wconf 82' lang='lat' dir='ltr'><strong>sententiis,</strong></span> <span class='ocrx_word' id='word_1_101' title='bbox 518 1642 598 1718; x_wconf 90' lang='lat' dir='ltr'><strong>quasi</strong></span> <span class='ocrx_word' id='word_1_102' title='bbox 611 1643 731 1720; x_wconf 81' lang='lat' dir='ltr'><strong>sagittis,</strong></span> <span class='ocrx_word' id='word_1_103' title='bbox 746 1641 903 1720; x_wconf 78' lang='lat' dir='ltr'><strong>configatur</strong></span> <span class='ocrx_word' id='word_1_104' title='bbox 928 1647 1073 1716; x_wconf 69' lang='lat' dir='ltr'><strong>postmo</strong></span> <span class='ocrx_word' id='word_1_105' title='bbox 1086 1639 1109 1694; x_wconf 91' lang='lat' dir='ltr'><strong>si</strong></span> <span class='ocrx_word' id='word_1_106' title='bbox 1127 1637 1235 1694; x_wconf 86' lang='lat' dir='ltr'><strong>bisoere</strong></span> <span class='ocrx_word' id='word_1_107' title='bbox 1246 1653 1333 1694; x_wconf 63' lang='lat' dir='ltr'><strong>occe</strong></span> 
     </span>
     <span class='ocr_line' id='line_1_16' title="bbox 247 1719 1334 1800; baseline -0.005 -22"><span class='ocrx_word' id='word_1_108' title='bbox 247 1719 336 1796; x_wconf 90' lang='lat' dir='ltr'><strong>perit,</strong></span> <span class='ocrx_word' id='word_1_109' title='bbox 350 1728 441 1780; x_wconf 85' lang='lat' dir='ltr'><strong>totam</strong></span> <span class='ocrx_word' id='word_1_110' title='bbox 454 1723 552 1781; x_wconf 81' lang='lat' dir='ltr'><strong>taciem</strong></span> <span class='ocrx_word' id='word_1_111' title='bbox 566 1728 597 1782; x_wconf 92' lang='lat' dir='ltr'><strong>et</strong></span> <span class='ocrx_word' id='word_1_112' title='bbox 608 1726 719 1800; x_wconf 91' lang='lat' dir='ltr'><strong>oculos,</strong></span> <span class='ocrx_word' id='word_1_113' title='bbox 734 1721 814 1796; x_wconf 89' lang='lat' dir='ltr'><strong>quasi</strong></span> <span class='ocrx_word' id='word_1_114' title='bbox 826 1741 844 1781; x_wconf 89' lang='lat' dir='ltr'><strong>a</strong></span> <span class='ocrx_word' id='word_1_115' title='bbox 856 1722 1056 1794; x_wconf 69' lang='lat' dir='ltr'><strong>crabronibus,</strong></span> <span class='ocrx_word' id='word_1_116' title='bbox 1065 1721 1252 1790; x_wconf 77' lang='lat' dir='ltr'><strong>compunctum</strong></span> <span class='ocrx_word' id='word_1_117' title='bbox 1266 1733 1334 1774; x_wconf 88' lang='lat' dir='ltr'><strong>sen·</strong></span> 
     </span>
     <span class='ocr_line' id='line_1_17' title="bbox 250 1802 786 1878; baseline 0.004 -19"><span class='ocrx_word' id='word_1_118' title='bbox 250 1802 344 1859; x_wconf 87' lang='lat' dir='ltr'><strong>tentiis</strong></span> <span class='ocrx_word' id='word_1_119' title='bbox 359 1803 438 1874; x_wconf 90' lang='lat' dir='ltr'><strong>meis,</strong></span> <span class='ocrx_word' id='word_1_120' title='bbox 454 1805 567 1878; x_wconf 83' lang='lat' dir='ltr'><strong>peribit.</strong></span> <span class='ocrx_word' id='word_1_121' title='bbox 776 1862 786 1878; x_wconf 71' lang='grc'><strong>,</strong></span> 
     </span>
    </p>

    <p class='ocr_par' dir='ltr' id='par_1_11' title="bbox 250 1878 1337 2360">
     <span class='ocr_line' id='line_1_18' title="bbox 289 1878 1334 1958; baseline -0.006 -18"><span class='ocrx_word' id='word_1_122' title='bbox 289 1880 408 1942; x_wconf 86' lang='lat' dir='ltr'>CHOR.</span> <span class='ocrx_word' id='word_1_123' title='bbox 437 1881 524 1942; x_wconf 88' lang='lat' dir='ltr'><strong>Nune</strong></span> <span class='ocrx_word' id='word_1_124' title='bbox 536 1884 689 1942; x_wconf 88' lang='lat' dir='ltr'><strong>ostendent</strong></span> <span class='ocrx_word' id='word_1_125' title='bbox 701 1884 759 1958; x_wconf 90' lang='lat' dir='ltr'><strong>isti,</strong></span> <span class='ocrx_word' id='word_1_126' title='bbox 770 1883 837 1942; x_wconf 80' lang='lat' dir='ltr'><strong>freti</strong></span> <span class='ocrx_word' id='word_1_127' title='bbox 855 1881 964 1942; x_wconf 83' lang='lat' dir='ltr'><strong>callidis</strong></span> <span class='ocrx_word' id='word_1_128' title='bbox 976 1881 1163 1952; x_wconf 72' lang='lat' dir='ltr'><strong>sermonibus,</strong></span> <span class='ocrx_word' id='word_1_129' title='bbox 1174 1883 1204 1937; x_wconf 92' lang='lat' dir='ltr'><strong>et</strong></span> <span class='ocrx_word' id='word_1_130' title='bbox 1223 1878 1334 1953; x_wconf 75' lang='lat' dir='ltr'><strong>cogita·</strong></span> 
     </span>
     <span class='ocr_line' id='line_1_19' title="bbox 250 1958 1335 2040; baseline -0.005 -21"><span class='ocrx_word' id='word_1_131' title='bbox 250 1964 388 2032; x_wconf 89' lang='lat' dir='ltr'><strong>tionibus,</strong></span> <span class='ocrx_word' id='word_1_132' title='bbox 402 1971 431 2024; x_wconf 88' lang='lat' dir='ltr'><strong>et</strong></span> <span class='ocrx_word' id='word_1_133' title='bbox 443 1965 673 2024; x_wconf 81' lang='lat' dir='ltr'><strong>meditationibus</strong></span> <span class='ocrx_word' id='word_1_134' title='bbox 687 1966 840 2023; x_wconf 86' lang='lat' dir='ltr'><strong>sententias</strong></span> <span class='ocrx_word' id='word_1_135' title='bbox 855 1963 1090 2040; x_wconf 88' lang='lat' dir='ltr'><strong>procedentibus,</strong></span> <span class='ocrx_word' id='word_1_136' title='bbox 1101 1968 1165 2017; x_wconf 88' lang='lat' dir='ltr'><strong>uter</strong></span> <span class='ocrx_word' id='word_1_137' title='bbox 1177 1977 1280 2018; x_wconf 88' lang='lat' dir='ltr'><strong>eorum</strong></span> <span class='ocrx_word' id='word_1_138' title='bbox 1290 1958 1335 2015; x_wconf 90' lang='lat' dir='ltr'><strong>di·</strong></span> 
     </span>
     <span class='ocr_line' id='line_1_20' title="bbox 250 2043 1337 2105; baseline -0.004 -7"><span class='ocrx_word' id='word_1_139' title='bbox 250 2046 343 2102; x_wconf 88' lang='lat' dir='ltr'><strong>condo</strong></span> <span class='ocrx_word' id='word_1_140' title='bbox 357 2045 394 2101; x_wconf 90' lang='lat' dir='ltr'><strong>sit</strong></span> <span class='ocrx_word' id='word_1_141' title='bbox 405 2048 526 2105; x_wconf 82' lang='lat' dir='ltr'><strong>melior:</strong></span> <span class='ocrx_word' id='word_1_142' title='bbox 550 2048 653 2104; x_wconf 87' lang='lat' dir='ltr'><strong>etenim</strong></span> <span class='ocrx_word' id='word_1_143' title='bbox 666 2046 712 2104; x_wconf 91' lang='lat' dir='ltr'><strong>hic</strong></span> <span class='ocrx_word' id='word_1_144' title='bbox 736 2063 811 2103; x_wconf 90' lang='lat' dir='ltr'><strong>nunc</strong></span> <span class='ocrx_word' id='word_1_145' title='bbox 824 2063 936 2104; x_wconf 89' lang='lat' dir='ltr'><strong>summo</strong></span> <span class='ocrx_word' id='word_1_146' title='bbox 949 2046 978 2104; x_wconf 87' lang='lat' dir='ltr'><strong>in</strong></span> <span class='ocrx_word' id='word_1_147' title='bbox 1001 2043 1162 2101; x_wconf 84' lang='lat' dir='ltr'><strong>discrimine</strong></span> <span class='ocrx_word' id='word_1_148' title='bbox 1182 2046 1337 2097; x_wconf 81' lang='lat' dir='ltr'><strong>versantur</strong></span> 
     </span>
     <span class='ocr_line' id='line_1_21' title="bbox 251 2120 1337 2200; baseline -0.005 -18"><span class='ocrx_word' id='word_1_149' title='bbox 251 2126 408 2200; x_wconf 82' lang='lat' dir='ltr'><strong>sapientia,</strong></span> <span class='ocrx_word' id='word_1_150' title='bbox 423 2129 458 2185; x_wconf 88' lang='lat' dir='ltr'><strong>de</strong></span> <span class='ocrx_word' id='word_1_151' title='bbox 470 2130 605 2200; x_wconf 83' lang='lat' dir='ltr'><strong>quesnois</strong></span> <span class='ocrx_word' id='word_1_152' title='bbox 621 2128 718 2186; x_wconf 84' lang='lat' dir='ltr'><strong>amicis</strong></span> <span class='ocrx_word' id='word_1_153' title='bbox 730 2127 884 2185; x_wconf 82' lang='lat' dir='ltr'><strong>maximum</strong></span> <span class='ocrx_word' id='word_1_154' title='bbox 903 2131 947 2183; x_wconf 88' lang='lat' dir='ltr'><strong>est</strong></span> <span class='ocrx_word' id='word_1_155' title='bbox 966 2131 1120 2185; x_wconf 86' lang='lat' dir='ltr'><strong>certamen.</strong></span> <span class='ocrx_word' id='word_1_156' title='bbox 1161 2121 1227 2194; x_wconf 85' lang='lat' dir='ltr'><strong>Sed,</strong></span> <span class='ocrx_word' id='word_1_157' title='bbox 1244 2120 1264 2178; x_wconf 80' lang='lat' dir='ltr'><strong>d</strong></span> <span class='ocrx_word' id='word_1_158' title='bbox 1286 2122 1337 2193; x_wconf 87' lang='lat' dir='ltr'><strong>qrsi</strong></span> 
     </span>
     <span class='ocr_line' id='line_1_22' title="bbox 251 2201 1337 2281; baseline -0.002 -21"><span class='ocrx_word' id='word_1_159' title='bbox 251 2207 362 2279; x_wconf 84' lang='lat' dir='ltr'><strong>priores</strong></span> <span class='ocrx_word' id='word_1_160' title='bbox 378 2206 504 2266; x_wconf 88' lang='lat' dir='ltr'><strong>homines</strong></span> <span class='ocrx_word' id='word_1_161' title='bbox 517 2208 642 2264; x_wconf 88' lang='lat' dir='ltr'><strong>moribus</strong></span> <span class='ocrx_word' id='word_1_162' title='bbox 653 2207 736 2264; x_wconf 89' lang='lat' dir='ltr'><strong>bonis</strong></span> <span class='ocrx_word' id='word_1_163' title='bbox 744 2208 897 2281; x_wconf 78' lang='lat' dir='ltr'><strong>decorasti,</strong></span> <span class='ocrx_word' id='word_1_164' title='bbox 906 2223 1006 2280; x_wconf 88' lang='lat' dir='ltr'><strong>rumpe</strong></span> <span class='ocrx_word' id='word_1_165' title='bbox 1018 2221 1129 2280; x_wconf 80' lang='lat' dir='ltr'><strong>rocem,</strong></span> <span class='ocrx_word' id='word_1_166' title='bbox 1141 2220 1199 2275; x_wconf 89' lang='lat' dir='ltr'><strong>qua</strong></span> <span class='ocrx_word' id='word_1_167' title='bbox 1210 2201 1337 2259; x_wconf 75' lang='lat' dir='ltr'><strong>coecu-</strong></span> 
     </span>
     <span class='ocr_line' id='line_1_23' title="bbox 254 2287 717 2360; baseline 0.006 -18"><span class='ocrx_word' id='word_1_168' title='bbox 254 2288 304 2360; x_wconf 87' lang='lat' dir='ltr'><strong>ris,</strong></span> <span class='ocrx_word' id='word_1_169' title='bbox 318 2295 348 2342; x_wconf 90' lang='lat' dir='ltr'><strong>et</strong></span> <span class='ocrx_word' id='word_1_170' title='bbox 361 2287 485 2344; x_wconf 83' lang='lat' dir='ltr'><strong>indolem</strong></span> <span class='ocrx_word' id='word_1_171' title='bbox 500 2295 578 2345; x_wconf 85' lang='lat' dir='ltr'><strong>tuam</strong></span> <span class='ocrx_word' id='word_1_172' title='bbox 590 2289 717 2345; x_wconf 88' lang='lat' dir='ltr'><strong>ostende.</strong></span> 
     </span>
    </p>

    <p class='ocr_par' dir='ltr' id='par_1_12' title="bbox 254 2364 1346 4135">
     <span class='ocr_line' id='line_1_24' title="bbox 294 2364 1338 2443; baseline -0.004 -19"><span class='ocrx_word' id='word_1_173' title='bbox 294 2364 403 2424; x_wconf 85' lang='lat' dir='ltr'><strong>JUST.</strong></span> <span class='ocrx_word' id='word_1_174' title='bbox 425 2366 525 2426; x_wconf 83' lang='lat' dir='ltr'><strong>Dicam</strong></span> <span class='ocrx_word' id='word_1_175' title='bbox 538 2365 626 2442; x_wconf 85' lang='lat' dir='ltr'><strong>igitur</strong></span> <span class='ocrx_word' id='word_1_176' title='bbox 647 2374 771 2426; x_wconf 81' lang='lat' dir='ltr'><strong>veterem</strong></span> <span class='ocrx_word' id='word_1_177' title='bbox 793 2367 983 2443; x_wconf 78' lang='lat' dir='ltr'><strong>disciplinam,</strong></span> <span class='ocrx_word' id='word_1_178' title='bbox 997 2365 1147 2441; x_wconf 86' lang='lat' dir='ltr'><strong>quomodo</strong></span> <span class='ocrx_word' id='word_1_179' title='bbox 1170 2366 1338 2438; x_wconf 85' lang='lat' dir='ltr'><strong>comparata</strong></span> 
     </span>
     <span class='ocr_line' id='line_1_25' title="bbox 254 2445 1338 2523; baseline -0.001 -21"><span class='ocrx_word' id='word_1_180' title='bbox 254 2446 350 2517; x_wconf 79' lang='lat' dir='ltr'><strong>luerit,</strong></span> <span class='ocrx_word' id='word_1_181' title='bbox 365 2463 452 2518; x_wconf 88' lang='lat' dir='ltr'><strong>quum</strong></span> <span class='ocrx_word' id='word_1_182' title='bbox 465 2466 519 2523; x_wconf 84' lang='lat' dir='ltr'><strong>ego</strong></span> <span class='ocrx_word' id='word_1_183' title='bbox 529 2447 607 2522; x_wconf 90' lang='lat' dir='ltr'><strong>justa</strong></span> <span class='ocrx_word' id='word_1_184' title='bbox 615 2447 738 2506; x_wconf 90' lang='lat' dir='ltr'><strong>dicendo</strong></span> <span class='ocrx_word' id='word_1_185' title='bbox 751 2448 894 2521; x_wconf 86' lang='lat' dir='ltr'><strong>florerem,</strong></span> <span class='ocrx_word' id='word_1_186' title='bbox 907 2457 937 2507; x_wconf 89' lang='lat' dir='ltr'><strong>et</strong></span> <span class='ocrx_word' id='word_1_187' title='bbox 948 2449 1088 2507; x_wconf 88' lang='lat' dir='ltr'><strong>modestia</strong></span> <span class='ocrx_word' id='word_1_188' title='bbox 1100 2445 1195 2504; x_wconf 82' lang='lat' dir='ltr'><strong>adbuc</strong></span> <span class='ocrx_word' id='word_1_189' title='bbox 1207 2446 1338 2503; x_wconf 90' lang='lat' dir='ltr'><strong>moribus</strong></span> 
     </span>
     <span class='ocr_line' id='line_1_26' title="bbox 255 2525 1336 2609; baseline -0.005 -25"><span class='ocrx_word' id='word_1_190' title='bbox 255 2535 371 2609; x_wconf 70' lang='lat' dir='ltr'><strong>recepta</strong></span> <span class='ocrx_word' id='word_1_191' title='bbox 383 2534 465 2586; x_wconf 85' lang='lat' dir='ltr'><strong>esset.</strong></span> <span class='ocrx_word' id='word_1_192' title='bbox 506 2525 629 2586; x_wconf 90' lang='lat' dir='ltr'><strong>Primum</strong></span> <span class='ocrx_word' id='word_1_193' title='bbox 643 2529 756 2601; x_wconf 90' lang='lat' dir='ltr'><strong>quidem</strong></span> <span class='ocrx_word' id='word_1_194' title='bbox 766 2529 885 2590; x_wconf 85' lang='lat' dir='ltr'><strong>decebat</strong></span> <span class='ocrx_word' id='word_1_195' title='bbox 898 2531 1002 2589; x_wconf 84' lang='lat' dir='ltr'><strong>nullius</strong></span> <span class='ocrx_word' id='word_1_196' title='bbox 1015 2529 1098 2603; x_wconf 87' lang='lat' dir='ltr'><strong>pueri</strong></span> <span class='ocrx_word' id='word_1_197' title='bbox 1124 2525 1269 2585; x_wconf 83' lang='lat' dir='ltr'><strong>metientis</strong></span> <span class='ocrx_word' id='word_1_198' title='bbox 1283 2544 1336 2582; x_wconf 86' lang='lat' dir='ltr'><strong>ro.</strong></span> 
     </span>
     <span class='ocr_line' id='line_1_27' title="bbox 255 2606 1338 2685; baseline -0.001 -21"><span class='ocrx_word' id='word_1_199' title='bbox 255 2621 316 2664; x_wconf 87' lang='lat' dir='ltr'><strong>cem</strong></span> <span class='ocrx_word' id='word_1_200' title='bbox 328 2609 435 2668; x_wconf 79' lang='lat' dir='ltr'><strong>audiris</strong></span> <span class='ocrx_word' id='word_1_201' title='bbox 456 2609 559 2669; x_wconf 87' lang='lat' dir='ltr'><strong>deinde</strong></span> <span class='ocrx_word' id='word_1_202' title='bbox 570 2611 701 2668; x_wconf 83' lang='lat' dir='ltr'><strong>incedere</strong></span> <span class='ocrx_word' id='word_1_203' title='bbox 714 2613 870 2685; x_wconf 86' lang='lat' dir='ltr'><strong>oportebat</strong></span> <span class='ocrx_word' id='word_1_204' title='bbox 881 2612 911 2668; x_wconf 92' lang='lat' dir='ltr'><strong>in</strong></span> <span class='ocrx_word' id='word_1_205' title='bbox 924 2611 976 2668; x_wconf 86' lang='lat' dir='ltr'><strong>riis</strong></span> <span class='ocrx_word' id='word_1_206' title='bbox 998 2611 1125 2669; x_wconf 89' lang='lat' dir='ltr'><strong>modeste</strong></span> <span class='ocrx_word' id='word_1_207' title='bbox 1136 2613 1234 2666; x_wconf 87' lang='lat' dir='ltr'><strong>euntes</strong></span> <span class='ocrx_word' id='word_1_208' title='bbox 1247 2607 1285 2664; x_wconf 87' lang='lat' dir='ltr'><strong>ad</strong></span> <span class='ocrx_word' id='word_1_209' title='bbox 1298 2606 1338 2663; x_wconf 92' lang='lat' dir='ltr'><strong>ci·</strong></span> 
     </span>
     <span class='ocr_line' id='line_1_28' title="bbox 256 2688 1337 2766; baseline 0.002 -23"><span class='ocrx_word' id='word_1_210' title='bbox 256 2688 417 2748; x_wconf 83' lang='lat' dir='ltr'><strong>tbaroerium</strong></span> <span class='ocrx_word' id='word_1_211' title='bbox 430 2694 545 2750; x_wconf 78' lang='lat' dir='ltr'><strong>vicanos</strong></span> <span class='ocrx_word' id='word_1_212' title='bbox 553 2691 645 2750; x_wconf 91' lang='lat' dir='ltr'><strong>nudos</strong></span> <span class='ocrx_word' id='word_1_213' title='bbox 657 2697 686 2748; x_wconf 92' lang='lat' dir='ltr'><strong>et</strong></span> <span class='ocrx_word' id='word_1_214' title='bbox 698 2692 856 2766; x_wconf 79' lang='lat' dir='ltr'><strong>conlectos,</strong></span> <span class='ocrx_word' id='word_1_215' title='bbox 865 2693 973 2750; x_wconf 81' lang='lat' dir='ltr'><strong>etiamsi</strong></span> <span class='ocrx_word' id='word_1_216' title='bbox 981 2693 1110 2766; x_wconf 78' lang='lat' dir='ltr'><strong>ningeret</strong></span> <span class='ocrx_word' id='word_1_217' title='bbox 1117 2689 1207 2746; x_wconf 82' lang='lat' dir='ltr'><strong>instar</strong></span> <span class='ocrx_word' id='word_1_218' title='bbox 1214 2688 1337 2746; x_wconf 70' lang='lat' dir='ltr'><strong>tanna:</strong></span> 
     </span>
     <span class='ocr_line' id='line_1_29' title="bbox 256 2769 1341 2848; baseline -0.001 -22"><span class='ocrx_word' id='word_1_219' title='bbox 256 2769 527 2831; x_wconf 86' lang='lat' dir='ltr'><strong>deindecantilenam</strong></span> <span class='ocrx_word' id='word_1_220' title='bbox 539 2773 672 2848; x_wconf 89' lang='lat' dir='ltr'><strong>docebat,</strong></span> <span class='ocrx_word' id='word_1_221' title='bbox 680 2791 763 2847; x_wconf 89' lang='lat' dir='ltr'><strong>quam</strong></span> <span class='ocrx_word' id='word_1_222' title='bbox 771 2775 919 2842; x_wconf 86' lang='lat' dir='ltr'><strong>discerent,</strong></span> <span class='ocrx_word' id='word_1_223' title='bbox 926 2773 1031 2831; x_wconf 80' lang='lat' dir='ltr'><strong>semina</strong></span> <span class='ocrx_word' id='word_1_224' title='bbox 1043 2771 1341 2843; x_wconf 81' lang='lat' dir='ltr'><strong>noncomprimentes,</strong></span> 
     </span>
     <span class='ocr_line' id='line_1_30' title="bbox 258 2848 1340 2935; baseline -0.001 -28"><span class='ocrx_word' id='word_1_225' title='bbox 258 2859 306 2908; x_wconf 75' lang='lat' dir='ltr'><strong>arnt</strong></span> <span class='ocrx_word' id='word_1_226' title='bbox 321 2854 474 2912; x_wconf 79' lang='lat' dir='ltr'><strong>Palladem</strong></span> <span class='ocrx_word' id='word_1_227' title='bbox 489 2857 627 2911; x_wconf 82' lang='lat' dir='ltr'><strong>invictum</strong></span> <span class='ocrx_word' id='word_1_228' title='bbox 641 2857 831 2912; x_wconf 60' lang='lat' dir='ltr'><strong>uastaricem</strong></span> <span class='ocrx_word' id='word_1_229' title='bbox 851 2856 982 2928; x_wconf 82' lang='lat' dir='ltr'><strong>orbium,</strong></span> <span class='ocrx_word' id='word_1_230' title='bbox 993 2860 1045 2935; x_wconf 78' lang='lat' dir='ltr'><strong>aut</strong></span> <span class='ocrx_word' id='word_1_231' title='bbox 1055 2848 1163 2926; x_wconf 78' lang='lat' dir='ltr'><strong>Longe</strong></span> <span class='ocrx_word' id='word_1_232' title='bbox 1171 2853 1340 2926; x_wconf 75' lang='lat' dir='ltr'><strong>&#39;negantem</strong></span> 
     </span>
     <span class='ocr_line' id='line_1_31' title="bbox 258 2931 1340 3008; baseline -0.004 -18"><span class='ocrx_word' id='word_1_233' title='bbox 258 2932 568 3008; x_wconf 50' lang='lat' dir='ltr'><strong>clamorem„traditum</strong></span> <span class='ocrx_word' id='word_1_234' title='bbox 577 2934 913 3008; x_wconf 86' lang='lat' dir='ltr'><strong>intendentcsapatribus</strong></span> <span class='ocrx_word' id='word_1_235' title='bbox 925 2935 1051 2992; x_wconf 89' lang='lat' dir='ltr'><strong>modum.</strong></span> <span class='ocrx_word' id='word_1_236' title='bbox 1065 2931 1340 2991; x_wconf 83' lang='lat' dir='ltr'><strong>Sireroeorumali-</strong></span> 
     </span>
     <span class='ocr_line' id='line_1_32' title="bbox 260 3011 1341 3088; baseline 0 -21"><span class='ocrx_word' id='word_1_237' title='bbox 260 3013 321 3085; x_wconf 86' lang='lat' dir='ltr'><strong>quis</strong></span> <span class='ocrx_word' id='word_1_238' title='bbox 328 3013 448 3073; x_wconf 90' lang='lat' dir='ltr'><strong>scurrile</strong></span> <span class='ocrx_word' id='word_1_239' title='bbox 455 3011 523 3084; x_wconf 87' lang='lat' dir='ltr'><strong>quid</strong></span> <span class='ocrx_word' id='word_1_240' title='bbox 531 3015 702 3087; x_wconf 83' lang='lat' dir='ltr'><strong>inceptaret,</strong></span> <span class='ocrx_word' id='word_1_241' title='bbox 709 3014 803 3072; x_wconf 84' lang='lat' dir='ltr'><strong>fracta</strong></span> <span class='ocrx_word' id='word_1_242' title='bbox 810 3014 946 3088; x_wconf 86' lang='lat' dir='ltr'><strong>mollique</strong></span> <span class='ocrx_word' id='word_1_243' title='bbox 958 3024 1030 3073; x_wconf 83' lang='lat' dir='ltr'><strong>rooe</strong></span> <span class='ocrx_word' id='word_1_244' title='bbox 1042 3018 1267 3087; x_wconf 86' lang='lat' dir='ltr'><strong>canens,auctor</strong></span> <span class='ocrx_word' id='word_1_245' title='bbox 1278 3011 1341 3088; x_wconf 85' lang='lat' dir='ltr'><strong>ipse</strong></span> 
     </span>
     <span class='ocr_line' id='line_1_33' title="bbox 259 3091 1341 3171; baseline 0.003 -25"><span class='ocrx_word' id='word_1_246' title='bbox 259 3091 379 3165; x_wconf 83' lang='lat' dir='ltr'><strong>inventi,</strong></span> <span class='ocrx_word' id='word_1_247' title='bbox 394 3093 464 3149; x_wconf 87' lang='lat' dir='ltr'><strong>etin</strong></span> <span class='ocrx_word' id='word_1_248' title='bbox 478 3093 568 3150; x_wconf 87' lang='lat' dir='ltr'><strong>modis</strong></span> <span class='ocrx_word' id='word_1_249' title='bbox 582 3092 668 3152; x_wconf 86' lang='lat' dir='ltr'><strong>Chios</strong></span> <span class='ocrx_word' id='word_1_250' title='bbox 691 3096 737 3152; x_wconf 85' lang='lat' dir='ltr'><strong>rel</strong></span> <span class='ocrx_word' id='word_1_251' title='bbox 750 3094 885 3171; x_wconf 82' lang='lat' dir='ltr'><strong>Siphnius</strong></span> <span class='ocrx_word' id='word_1_252' title='bbox 896 3097 1017 3167; x_wconf 89' lang='lat' dir='ltr'><strong>imitans,</strong></span> <span class='ocrx_word' id='word_1_253' title='bbox 1031 3096 1126 3167; x_wconf 83' lang='lat' dir='ltr'><strong>quales</strong></span> <span class='ocrx_word' id='word_1_254' title='bbox 1150 3099 1217 3150; x_wconf 86' lang='lat' dir='ltr'><strong>sunt</strong></span> <span class='ocrx_word' id='word_1_255' title='bbox 1236 3092 1341 3149; x_wconf 85' lang='lat' dir='ltr'><strong>flexio-</strong></span> 
     </span>
     <span class='ocr_line' id='line_1_34' title="bbox 259 3172 1340 3253; baseline 0.001 -24"><span class='ocrx_word' id='word_1_256' title='bbox 259 3190 310 3230; x_wconf 85' lang='lat' dir='ltr'><strong>nes</strong></span> <span class='ocrx_word' id='word_1_257' title='bbox 323 3173 378 3228; x_wconf 77' lang='lat' dir='ltr'><strong>ille</strong></span> <span class='ocrx_word' id='word_1_258' title='bbox 391 3172 479 3246; x_wconf 78' lang='lat' dir='ltr'><strong>vulgo</strong></span> <span class='ocrx_word' id='word_1_259' title='bbox 493 3191 567 3232; x_wconf 89' lang='lat' dir='ltr'><strong>nnnc</strong></span> <span class='ocrx_word' id='word_1_260' title='bbox 581 3180 718 3250; x_wconf 75' lang='lat' dir='ltr'><strong>accepte,</strong></span> <span class='ocrx_word' id='word_1_261' title='bbox 733 3194 804 3248; x_wconf 88' lang='lat' dir='ltr'><strong>quas</strong></span> <span class='ocrx_word' id='word_1_262' title='bbox 817 3174 940 3253; x_wconf 84' lang='lat' dir='ltr'><strong>Phrynis</strong></span> <span class='ocrx_word' id='word_1_263' title='bbox 960 3176 1081 3247; x_wconf 80' lang='lat' dir='ltr'><strong>inuexit,</strong></span> <span class='ocrx_word' id='word_1_264' title='bbox 1096 3182 1154 3232; x_wconf 88' lang='lat' dir='ltr'><strong>tam</strong></span> <span class='ocrx_word' id='word_1_265' title='bbox 1176 3173 1340 3246; x_wconf 73' lang='lat' dir='ltr'><strong>laboriose,</strong></span> 
     </span>
     <span class='ocr_line' id='line_1_35' title="bbox 260 3251 1342 3331; baseline 0.001 -22"><span class='ocrx_word' id='word_1_266' title='bbox 260 3254 283 3309; x_wconf 86' lang='lat' dir='ltr'><strong>is</strong></span> <span class='ocrx_word' id='word_1_267' title='bbox 296 3253 369 3308; x_wconf 85' lang='lat' dir='ltr'><strong>male</strong></span> <span class='ocrx_word' id='word_1_268' title='bbox 382 3253 569 3328; x_wconf 83' lang='lat' dir='ltr'><strong>mulcebatur,</strong></span> <span class='ocrx_word' id='word_1_269' title='bbox 583 3257 678 3316; x_wconf 85' lang='lat' dir='ltr'><strong>multis</strong></span> <span class='ocrx_word' id='word_1_270' title='bbox 691 3265 823 3317; x_wconf 89' lang='lat' dir='ltr'><strong>contusus</strong></span> <span class='ocrx_word' id='word_1_271' title='bbox 836 3255 1014 3331; x_wconf 73' lang='lat' dir='ltr'><strong>uerberibus,</strong></span> <span class='ocrx_word' id='word_1_272' title='bbox 1029 3263 1161 3328; x_wconf 85' lang='lat' dir='ltr'><strong>tanquam</strong></span> <span class='ocrx_word' id='word_1_273' title='bbox 1174 3255 1224 3327; x_wconf 85' lang='lat' dir='ltr'><strong>qui</strong></span> <span class='ocrx_word' id='word_1_274' title='bbox 1242 3251 1342 3311; x_wconf 87' lang='lat' dir='ltr'><strong>Musas</strong></span> 
     </span>
     <span class='ocr_line' id='line_1_36' title="bbox 260 3329 1342 3414; baseline 0.003 -26"><span class='ocrx_word' id='word_1_275' title='bbox 260 3333 399 3390; x_wconf 85' lang='lat' dir='ltr'><strong>aboleret.</strong></span> <span class='ocrx_word' id='word_1_276' title='bbox 440 3329 474 3390; x_wconf 92' lang='lat' dir='ltr'><strong>ln</strong></span> <span class='ocrx_word' id='word_1_277' title='bbox 486 3336 618 3410; x_wconf 74' lang='lat' dir='ltr'><strong>palestra</strong></span> <span class='ocrx_word' id='word_1_278' title='bbox 630 3342 725 3394; x_wconf 86' lang='lat' dir='ltr'><strong>autem</strong></span> <span class='ocrx_word' id='word_1_279' title='bbox 738 3339 892 3414; x_wconf 89' lang='lat' dir='ltr'><strong>oportebat</strong></span> <span class='ocrx_word' id='word_1_280' title='bbox 904 3339 1002 3395; x_wconf 86' lang='lat' dir='ltr'><strong>sedere</strong></span> <span class='ocrx_word' id='word_1_281' title='bbox 1022 3355 1129 3412; x_wconf 86' lang='lat' dir='ltr'><strong>pueros</strong></span> <span class='ocrx_word' id='word_1_282' title='bbox 1142 3337 1253 3393; x_wconf 83' lang='lat' dir='ltr'><strong>lamere</strong></span> <span class='ocrx_word' id='word_1_283' title='bbox 1266 3353 1342 3409; x_wconf 85' lang='lat' dir='ltr'><strong>prae·</strong></span> 
     </span>
     <span class='ocr_line' id='line_1_37' title="bbox 261 3414 1343 3489; baseline 0.003 -21"><span class='ocrx_word' id='word_1_284' title='bbox 261 3418 353 3484; x_wconf 87' lang='lat' dir='ltr'><strong>tenso,</strong></span> <span class='ocrx_word' id='word_1_285' title='bbox 367 3431 403 3472; x_wconf 88' lang='lat' dir='ltr'><strong>ue</strong></span> <span class='ocrx_word' id='word_1_286' title='bbox 417 3414 485 3487; x_wconf 87' lang='lat' dir='ltr'><strong>quid</strong></span> <span class='ocrx_word' id='word_1_287' title='bbox 506 3416 633 3477; x_wconf 89' lang='lat' dir='ltr'><strong>indecori</strong></span> <span class='ocrx_word' id='word_1_288' title='bbox 656 3418 839 3476; x_wconf 82' lang='lat' dir='ltr'><strong>ostenderent</strong></span> <span class='ocrx_word' id='word_1_289' title='bbox 859 3419 1009 3476; x_wconf 78' lang='lat' dir='ltr'><strong>extrariis:</strong></span> <span class='ocrx_word' id='word_1_290' title='bbox 1029 3425 1092 3476; x_wconf 88' lang='lat' dir='ltr'><strong>tum</strong></span> <span class='ocrx_word' id='word_1_291' title='bbox 1113 3434 1211 3474; x_wconf 77' lang='lat' dir='ltr'><strong>rursus</strong></span> <span class='ocrx_word' id='word_1_292' title='bbox 1225 3416 1343 3489; x_wconf 89' lang='lat' dir='ltr'><strong>quando</strong></span> 
     </span>
     <span class='ocr_line' id='line_1_38' title="bbox 262 3495 1344 3575; baseline 0.006 -27"><span class='ocrx_word' id='word_1_293' title='bbox 262 3495 418 3568; x_wconf 76' lang='lat' dir='ltr'><strong>surgerent,</strong></span> <span class='ocrx_word' id='word_1_294' title='bbox 431 3511 545 3554; x_wconf 84' lang='lat' dir='ltr'><strong>arenam</strong></span> <span class='ocrx_word' id='word_1_295' title='bbox 568 3515 747 3573; x_wconf 82' lang='lat' dir='ltr'><strong>converrere,</strong></span> <span class='ocrx_word' id='word_1_296' title='bbox 760 3508 793 3557; x_wconf 89' lang='lat' dir='ltr'><strong>et</strong></span> <span class='ocrx_word' id='word_1_297' title='bbox 812 3500 972 3575; x_wconf 77' lang='lat' dir='ltr'><strong>providere,</strong></span> <span class='ocrx_word' id='word_1_298' title='bbox 988 3517 1023 3558; x_wconf 90' lang='lat' dir='ltr'><strong>ne</strong></span> <span class='ocrx_word' id='word_1_299' title='bbox 1034 3499 1198 3574; x_wconf 82' lang='lat' dir='ltr'><strong>impressam</strong></span> <span class='ocrx_word' id='word_1_300' title='bbox 1220 3495 1344 3569; x_wconf 86' lang='lat' dir='ltr'><strong>aliquam</strong></span> 
     </span>
     <span class='ocr_line' id='line_1_39' title="bbox 261 3573 1345 3655; baseline 0.003 -28"><span class='ocrx_word' id='word_1_301' title='bbox 261 3573 410 3650; x_wconf 84' lang='lat' dir='ltr'><strong>imaginem</strong></span> <span class='ocrx_word' id='word_1_302' title='bbox 433 3577 514 3650; x_wconf 87' lang='lat' dir='ltr'><strong>pubis</strong></span> <span class='ocrx_word' id='word_1_303' title='bbox 527 3579 718 3655; x_wconf 86' lang='lat' dir='ltr'><strong>relinquerent</strong></span> <span class='ocrx_word' id='word_1_304' title='bbox 738 3579 924 3638; x_wconf 82' lang='lat' dir='ltr'><strong>curatoribus.</strong></span> <span class='ocrx_word' id='word_1_305' title='bbox 953 3579 1074 3638; x_wconf 81' lang='lat' dir='ltr'><strong>&#39;Nullus</strong></span> <span class='ocrx_word' id='word_1_306' title='bbox 1086 3586 1155 3636; x_wconf 89' lang='lat' dir='ltr'><strong>tune</strong></span> <span class='ocrx_word' id='word_1_307' title='bbox 1169 3596 1239 3653; x_wconf 89' lang='lat' dir='ltr'><strong>puer</strong></span> <span class='ocrx_word' id='word_1_308' title='bbox 1252 3595 1345 3653; x_wconf 84' lang='lat' dir='ltr'><strong>unge.</strong></span> 
     </span>
     <span class='ocr_line' id='line_1_40' title="bbox 262 3653 1346 3736; baseline 0.004 -26"><span class='ocrx_word' id='word_1_309' title='bbox 262 3655 348 3716; x_wconf 88' lang='lat' dir='ltr'><strong>batur</strong></span> <span class='ocrx_word' id='word_1_310' title='bbox 360 3655 437 3715; x_wconf 83' lang='lat' dir='ltr'><strong>inira</strong></span> <span class='ocrx_word' id='word_1_311' title='bbox 450 3653 633 3730; x_wconf 67' lang='lat' dir='ltr'><strong>umbilicum</strong></span> <span class='ocrx_word' id='word_1_312' title='bbox 654 3667 832 3735; x_wconf 86' lang='lat' dir='ltr'><strong>quapropter</strong></span> <span class='ocrx_word' id='word_1_313' title='bbox 844 3660 876 3717; x_wconf 92' lang='lat' dir='ltr'><strong>in</strong></span> <span class='ocrx_word' id='word_1_314' title='bbox 888 3661 1057 3736; x_wconf 80' lang='lat' dir='ltr'><strong>genitalibus</strong></span> <span class='ocrx_word' id='word_1_315' title='bbox 1071 3677 1120 3718; x_wconf 86' lang='lat' dir='ltr'><strong>ros</strong></span> <span class='ocrx_word' id='word_1_316' title='bbox 1132 3667 1161 3718; x_wconf 89' lang='lat' dir='ltr'><strong>et</strong></span> <span class='ocrx_word' id='word_1_317' title='bbox 1174 3661 1294 3734; x_wconf 82' lang='lat' dir='ltr'><strong>lanugo,</strong></span> <span class='ocrx_word' id='word_1_318' title='bbox 1307 3658 1346 3714; x_wconf 85' lang='lat' dir='ltr'><strong>si·</strong></span> 
     </span>
     <span class='ocr_line' id='line_1_41' title="bbox 263 3735 1344 3815; baseline 0.005 -24"><span class='ocrx_word' id='word_1_319' title='bbox 263 3743 314 3792; x_wconf 91' lang='lat' dir='ltr'><strong>cut</strong></span> <span class='ocrx_word' id='word_1_320' title='bbox 327 3737 357 3794; x_wconf 89' lang='lat' dir='ltr'><strong>in</strong></span> <span class='ocrx_word' id='word_1_321' title='bbox 371 3735 462 3810; x_wconf 86' lang='lat' dir='ltr'><strong>malis,</strong></span> <span class='ocrx_word' id='word_1_322' title='bbox 477 3739 663 3800; x_wconf 81' lang='lat' dir='ltr'><strong>florescebat:</strong></span> <span class='ocrx_word' id='word_1_323' title='bbox 688 3759 740 3798; x_wconf 88' lang='lat' dir='ltr'><strong>nec</strong></span> <span class='ocrx_word' id='word_1_324' title='bbox 762 3743 799 3799; x_wconf 86' lang='lat' dir='ltr'><strong>ad</strong></span> <span class='ocrx_word' id='word_1_325' title='bbox 810 3749 966 3800; x_wconf 83' lang='lat' dir='ltr'><strong>amatorem</strong></span> <span class='ocrx_word' id='word_1_326' title='bbox 980 3742 1143 3815; x_wconf 84' lang='lat' dir='ltr'><strong>accedebat,</strong></span> <span class='ocrx_word' id='word_1_327' title='bbox 1156 3759 1228 3798; x_wconf 79' lang='lat' dir='ltr'><strong>soce</strong></span> <span class='ocrx_word' id='word_1_328' title='bbox 1248 3740 1344 3797; x_wconf 89' lang='lat' dir='ltr'><strong>molli·</strong></span> 
     </span>
     <span class='ocr_line' id='line_1_42' title="bbox 264 3817 1345 3898; baseline 0.002 -24"><span class='ocrx_word' id='word_1_329' title='bbox 264 3822 308 3874; x_wconf 76' lang='lat' dir='ltr'><strong>ter</strong></span> <span class='ocrx_word' id='word_1_330' title='bbox 321 3817 443 3878; x_wconf 81' lang='lat' dir='ltr'><strong>intractu</strong></span> <span class='ocrx_word' id='word_1_331' title='bbox 456 3825 485 3876; x_wconf 94' lang='lat' dir='ltr'><strong>et</strong></span> <span class='ocrx_word' id='word_1_332' title='bbox 498 3821 655 3894; x_wconf 86' lang='lat' dir='ltr'><strong>modulate,</strong></span> <span class='ocrx_word' id='word_1_333' title='bbox 669 3821 823 3898; x_wconf 81' lang='lat' dir='ltr'><strong>incisisque</strong></span> <span class='ocrx_word' id='word_1_334' title='bbox 838 3823 929 3881; x_wconf 85' lang='lat' dir='ltr'><strong>oculis</strong></span> <span class='ocrx_word' id='word_1_335' title='bbox 943 3823 1079 3892; x_wconf 88' lang='lat' dir='ltr'><strong>alliciens,</strong></span> <span class='ocrx_word' id='word_1_336' title='bbox 1095 3825 1156 3895; x_wconf 85' lang='lat' dir='ltr'><strong>ipse</strong></span> <span class='ocrx_word' id='word_1_337' title='bbox 1171 3837 1240 3878; x_wconf 87' lang='lat' dir='ltr'><strong>suus</strong></span> <span class='ocrx_word' id='word_1_338' title='bbox 1253 3821 1345 3877; x_wconf 82' lang='lat' dir='ltr'><strong>leno:</strong></span> 
     </span>
     <span class='ocr_line' id='line_1_43' title="bbox 263 3899 1343 3978; baseline 0.007 -28"><span class='ocrx_word' id='word_1_339' title='bbox 263 3913 318 3951; x_wconf 89' lang='lat' dir='ltr'><strong>nee</strong></span> <span class='ocrx_word' id='word_1_340' title='bbox 329 3914 439 3956; x_wconf 89' lang='lat' dir='ltr'><strong>sumere</strong></span> <span class='ocrx_word' id='word_1_341' title='bbox 452 3899 556 3958; x_wconf 88' lang='lat' dir='ltr'><strong>licebat</strong></span> <span class='ocrx_word' id='word_1_342' title='bbox 569 3902 692 3960; x_wconf 85' lang='lat' dir='ltr'><strong>coenanti</strong></span> <span class='ocrx_word' id='word_1_343' title='bbox 701 3911 790 3977; x_wconf 85' lang='lat' dir='ltr'><strong>caput</strong></span> <span class='ocrx_word' id='word_1_344' title='bbox 802 3903 934 3977; x_wconf 85' lang='lat' dir='ltr'><strong>raphani,</strong></span> <span class='ocrx_word' id='word_1_345' title='bbox 949 3921 1043 3978; x_wconf 86' lang='lat' dir='ltr'><strong>neque</strong></span> <span class='ocrx_word' id='word_1_346' title='bbox 1054 3902 1189 3962; x_wconf 87' lang='lat' dir='ltr'><strong>anethum</strong></span> <span class='ocrx_word' id='word_1_347' title='bbox 1200 3899 1343 3960; x_wconf 72' lang='lat' dir='ltr'><strong>maiorum</strong></span> 
     </span>
     <span class='ocr_line' id='line_1_44' title="bbox 265 3977 1346 4060; baseline 0.012 -29"><span class='ocrx_word' id='word_1_348' title='bbox 265 3977 433 4051; x_wconf 79' lang='lat' dir='ltr'><strong>preripere,</strong></span> <span class='ocrx_word' id='word_1_349' title='bbox 447 3997 500 4038; x_wconf 90' lang='lat' dir='ltr'><strong>nce</strong></span> <span class='ocrx_word' id='word_1_350' title='bbox 513 3983 621 4056; x_wconf 85' lang='lat' dir='ltr'><strong>apium,</strong></span> <span class='ocrx_word' id='word_1_351' title='bbox 636 3999 690 4041; x_wconf 90' lang='lat' dir='ltr'><strong>nec</strong></span> <span class='ocrx_word' id='word_1_352' title='bbox 703 3984 794 4060; x_wconf 86' lang='lat' dir='ltr'><strong>pisces</strong></span> <span class='ocrx_word' id='word_1_353' title='bbox 804 3985 962 4053; x_wconf 85' lang='lat' dir='ltr'><strong>comedere,</strong></span> <span class='ocrx_word' id='word_1_354' title='bbox 976 4003 1029 4043; x_wconf 90' lang='lat' dir='ltr'><strong>nec</strong></span> <span class='ocrx_word' id='word_1_355' title='bbox 1050 3985 1164 4057; x_wconf 89' lang='lat' dir='ltr'><strong>turdos,</strong></span> <span class='ocrx_word' id='word_1_356' title='bbox 1176 3999 1232 4044; x_wconf 83' lang='lat' dir='ltr'><strong>noc</strong></span> <span class='ocrx_word' id='word_1_357' title='bbox 1244 3983 1346 4058; x_wconf 78' lang='lat' dir='ltr'><strong>pedem</strong></span> 
     </span>
     <span class='ocr_line' id='line_1_45' title="bbox 264 4056 643 4135; baseline 0.016 -22"><span class='ocrx_word' id='word_1_358' title='bbox 264 4056 383 4113; x_wconf 89' lang='lat' dir='ltr'><strong>alterum</strong></span> <span class='ocrx_word' id='word_1_359' title='bbox 391 4058 476 4117; x_wconf 82' lang='lat' dir='ltr'><strong>alteri</strong></span> <span class='ocrx_word' id='word_1_360' title='bbox 488 4061 643 4135; x_wconf 86' lang='lat' dir='ltr'><strong>implicare.</strong></span> 
     </span>
    </p>
   </div>
   <div class='ocr_carea' id='block_1_3' title="bbox 307 4134 1344 4223">
    <p class='ocr_par' dir='ltr' id='par_1_13' title="bbox 307 4134 1344 4223">
     <span class='ocr_line' id='line_1_46' title="bbox 307 4134 1344 4223; baseline 0.012 -31"><span class='ocrx_word' id='word_1_361' title='bbox 307 4134 385 4194; x_wconf 85' lang='lat' dir='ltr'>1NJ.</span> <span class='ocrx_word' id='word_1_362' title='bbox 406 4135 532 4213; x_wconf 82' lang='lat' dir='ltr'><strong>Antiqua</strong></span> <span class='ocrx_word' id='word_1_363' title='bbox 544 4145 681 4201; x_wconf 80' lang='lat' dir='ltr'><strong>asnebec</strong></span> <span class='ocrx_word' id='word_1_364' title='bbox 695 4149 771 4220; x_wconf 87' lang='lat' dir='ltr'><strong>sunt,</strong></span> <span class='ocrx_word' id='word_1_365' title='bbox 781 4151 813 4204; x_wconf 87' lang='lat' dir='ltr'><strong>et</strong></span> <span class='ocrx_word' id='word_1_366' title='bbox 823 4142 957 4223; x_wconf 68' lang='lat' dir='ltr'><strong>[bipoliis</strong></span> <span class='ocrx_word' id='word_1_367' title='bbox 969 4163 1079 4220; x_wconf 78' lang='lat' dir='ltr'><strong>cnara,</strong></span> <span class='ocrx_word' id='word_1_368' title='bbox 1091 4147 1175 4220; x_wconf 83' lang='lat' dir='ltr'><strong>plena</strong></span> <span class='ocrx_word' id='word_1_369' title='bbox 1188 4143 1304 4218; x_wconf 85' lang='lat' dir='ltr'><strong>cicadis,</strong></span> <span class='ocrx_word' id='word_1_370' title='bbox 1316 4143 1344 4204; x_wconf 66' lang='lat' dir='ltr'><strong>s,</strong></span> 
     </span>
    </p>
   </div>
   <div class='ocr_carea' id='block_1_4' title="bbox 147 4199 607 4294">
    <p class='ocr_par' dir='ltr' id='par_1_14' title="bbox 147 4199 607 4294">
     <span class='ocr_line' id='line_1_47' title="bbox 147 4199 607 4294; baseline 0.017 -22"><span class='ocrx_word' id='word_1_371' title='bbox 147 4199 148 4204; x_wconf 7' lang='grc' dir='ltr'>ἵ</span> <span class='ocrx_word' id='word_1_372' title='bbox 266 4212 379 4288; x_wconf 81' lang='lat' dir='ltr'><strong>Cecida,</strong></span> <span class='ocrx_word' id='word_1_373' title='bbox 394 4225 424 4276; x_wconf 87' lang='lat' dir='ltr'><strong>et</strong></span> <span class='ocrx_word' id='word_1_374' title='bbox 438 4216 607 4294; x_wconf 81' lang='lat' dir='ltr'><strong>Buphoniis.</strong></span> 
     </span>
    </p>
   </div>
   <div class='ocr_carea' id='block_1_5' title="bbox 251 4276 1344 4400">
    <p class='ocr_par' dir='ltr' id='par_1_15' title="bbox 251 4276 1344 4400">
     <span class='ocr_line' id='line_1_48' title="bbox 251 4276 1344 4400; baseline 0.001 -44"><span class='ocrx_word' id='word_1_375' title='bbox 251 4276 257 4293; x_wconf 51' lang='lat'><em>¹</em></span> <span class='ocrx_word' id='word_1_376' title='bbox 304 4295 415 4359; x_wconf 85' lang='lat' dir='ltr'><strong>JUs&#39;r.</strong></span> <span class='ocrx_word' id='word_1_377' title='bbox 435 4298 573 4362; x_wconf 82' lang='lat' dir='ltr'><strong>Attamen</strong></span> <span class='ocrx_word' id='word_1_378' title='bbox 584 4303 644 4364; x_wconf 82' lang='lat' dir='ltr'><strong>lec</strong></span> <span class='ocrx_word' id='word_1_379' title='bbox 656 4307 725 4400; x_wconf 85' lang='lat' dir='ltr'><strong>suot</strong></span> <span class='ocrx_word' id='word_1_380' title='bbox 744 4307 806 4384; x_wconf 76' lang='lat' dir='ltr'><strong>ille,</strong></span> <span class='ocrx_word' id='word_1_381' title='bbox 820 4307 925 4384; x_wconf 86' lang='lat' dir='ltr'><strong>qulbus</strong></span> <span class='ocrx_word' id='word_1_382' title='bbox 946 4321 1008 4367; x_wconf 81' lang='lat' dir='ltr'><strong>mua</strong></span> <span class='ocrx_word' id='word_1_383' title='bbox 1021 4306 1171 4380; x_wconf 72' lang='lat' dir='ltr'><strong>disciplina</strong></span> <span class='ocrx_word' id='word_1_384' title='bbox 1184 4305 1264 4363; x_wconf 79' lang='lat' dir='ltr'><strong>viros</strong></span> <span class='ocrx_word' id='word_1_385' title='bbox 1276 4302 1344 4361; x_wconf 86' lang='lat' dir='ltr'><strong>edu·</strong></span> 
     </span>
    </p>
   </div>
   <div class='ocr_carea' id='block_1_6' title="bbox 0 0 1472 4984">
    <p class='ocr_par' dir='ltr' id='par_1_16' title="bbox 0 0 1472 4984">
     <span class='ocr_line' id='line_1_49' title="bbox 0 0 1472 4984; baseline 0 0"><span class='ocrx_word' id='word_1_386' title='bbox 0 0 1472 4984; x_wconf 95' lang='lat' dir='ltr'><strong> </strong></span> 
     </span>
    </p>
   </div>
  </div>
 </body>
</html>
