2875 4984
241 341 309 414 100
584 335 998 406 Aluddol‘nlrrls

288 503 415 568 CHOR.
434 499 490 564 Sed
506 502 568 581 jum
580 508 699 579 oportet
719 519 772 562 ror
790 508 925 580 “gutum
936 494 1084 576 quidpbm
1106 491 1250 592 prolerre,
1264 511 1337 574 quo

244 588 366 648 rideatis
378 588 496 660 huncce,
504 585 605 644 adlatis
612 584 807 644 rationibusei
819 583 1066 644 contradicemus
1088 578 1237 640 mbilroro
1249 583 1338 642 mol·

243 669 478 730 literetremisso
489 667 591 744 agetius
1418 724 1419 729 η

286 745 445 809 CHREM.
469 746 530 826 Ego
552 765 599 806 me
622 747 751 805 arbitror
770 743 948 822 cognovisse,
957 746 1033 804 istuc
1047 747 1178 805 omnibus
1189 759 1228 804 ex
1239 761 1336 818 equo

243 846 305 890 esso
321 832 351 892 ln
365 835 492 908 promtu,
507 830 636 888 nimirum
648 828 756 904 justum
769 843 842 903 esse,
856 833 888 884 ut
907 830 989 886 bouis
1002 827 1164 887 bominibus
1177 828 1250 885 berre
1264 829 1330 898 sit3

243 912 326 972 mulis
339 919 432 972 eutem
447 917 476 970 ot
487 911 590 987 impiis.
601 914 712 970 contre.
751 907 823 968 'Hoc
834 927 920 984 quum
933 927 987 968 uos
1000 927 1175 985 moeremus,
1187 907 1245 967 rix,
1258 918 1333 966 tou.

244 992 309 1052 dem
321 994 486 1068 invenimus,
500 1011 560 1068 quo
572 992 602 1050 id
614 991 746 1049 effectum
758 990 899 1064 dusmus,
910 990 1058 1049 eonsilium
1073 991 1220 1066 pulchrum
1233 997 1266 1046 et
1276 1008 1334 1066 ge·
1419 1040 1420 1051 ,

244 1091 390 1148 merosum,
405 1081 435 1134 et
447 1091 499 1149 per
514 1074 609 1134 omniu
621 1073 702 1130 utile.
743 1069 773 1128 Si
791 1071 866 1130 euim
885 1069 988 1130 Plutus
1007 1089 1084 1130 nuuc
1107 1079 1218 1146 cernet,
1230 1087 1332 1142 ueqrw

244 1171 337 1214 ooecus
350 1157 524 1228 obambulet,
539 1155 576 1212 sd
589 1155 680 1210 bonos
693 1151 821 1210 homiues
833 1153 898 1226 ibit,
911 1159 1002 1211 eleos
1013 1172 1072 1212 uon
1084 1153 1213 1212 dmoret:
1234 1153 1333 1209 mulos

244 1241 337 1295 sutem
352 1243 382 1294 et
390 1237 493 1313 inpios
505 1234 662 1311 lugimblt:
683 1238 771 1306 utque
782 1235 824 1292 sio
843 1233 947 1292 deiude
966 1235 1079 1308 officiet,
1095 1242 1128 1294 ut
1140 1251 1239 1292 omues
1254 1232 1334 1290 fiunt

244 1318 316 1376 boul
328 1322 358 1376 et
367 1318 478 1393 diriter,
492 1333 645 1391 rerumque
658 1313 818 1373 divinorum
832 1317 1024 1374 observantes.
1066 1314 1159 1390 Atqui
1172 1315 1250 1389 quod
1271 1313 1331 1371 bo-

244 1399 366 1458 minibus
378 1399 479 1458 melius
492 1399 529 1458 sit
541 1397 616 1456 istoc
628 1399 704 1472 ipso,
717 1396 781 1468 quis
793 1395 923 1455 iuvenire
936 1398 1049 1470 possit?

284 1476 399 1538 BLEP.
420 1478 526 1542 Nemo·
567 1476 632 1556 Ego
646 1479 698 1536 tibi
712 1475 799 1552 hujus
812 1479 853 1536 rei
867 1477 947 1536 testis
967 1496 1041 1536 eros
1066 1474 1334 1534 selenciam·
1420 1492 1421 1511 ¹

285 1639 443 1701 CHREM.
464 1638 509 1700 Ut
522 1639 596 1700 enim
611 1655 688 1698 nuuc
708 1639 834 1698 humone
853 1639 915 1696 rite
934 1643 1102 1712 compsisse
1120 1641 1176 1710 est,
1191 1637 1253 1710 quis
1266 1655 1332 1694 oon

243 1721 635 1795 putabitiosuniemessmrel
647 1719 741 1793 potius
759 1717 911 1778 furorem?
942 1717 1060 1778 Plurimi
1078 1719 1153 1777 euim
1172 1718 1332 1789 bominum,

242 1801 311 1860 licet
328 1804 387 1860 sint
399 1802 477 1875 mali,
491 1801 593 1874 opibus
614 1801 776 1872 abundent,
790 1819 860 1874 qums
876 1799 984 1876 injuste
1006 1804 1203 1876 collegerunt:
1234 1800 1330 1872 pluri·

244 1883 284 1940 mi
296 1889 403 1954 eutem,
415 1883 542 1956 quumvis
556 1881 642 1955 probi
654 1880 819 1955 admodum,
833 1881 931 1954 iuopia
944 1888 974 1939 et
992 1882 1067 1940 ieme
1079 1873 1225 1953 laborant,
1238 1886 1270 1936 et
1284 1887 1331 1937 te.
1421 1918 1422 1957 ,

245 1979 308 2022 cum
321 1964 474 2022 maximam
491 1964 583 2020 oetetis
597 1967 705 2036 perlem
719 1963 836 2037 degunt.
877 1962 937 2020 Aio
955 1965 1064 2038 itaque,
1078 1964 1104 2021 si
1118 1959 1217 2018 Plutus
1227 1969 1331 2018 ooruut
1421 1962 1422 2009 l

243 2044 412 2120 aliquunde,
426 2061 487 2104 esse
499 2045 594 2116 uliam,
609 2060 673 2115 qum
693 2044 737 2100 his
751 2043 836 2100 rebus
850 2042 930 2100 tinem
953 2043 1092 2118 imponet,
1105 2043 1191 2115 riam,
1204 2059 1290 2115 quam
1304 2043 1333 2100 si

238 2124 419 2202 'ingrediatur
430 2126 489 2198 ille,
504 2124 616 2199 majore
629 2127 705 2182 bona
716 2125 879 2183 homiuibus
894 2126 1033 2199 praebeet.

284 2204 402 2266 PAUP.
425 2205 497 2263 Ate
508 2206 558 2276 qui
571 2205 697 2261 omnium
712 2204 999 2264 facillime-bominum
1009 2203 1126 2262 adducti
1138 2203 1217 2277 ostis,
1230 2209 1263 2260 ut
1280 2205 1328 2260 iu-

242 2287 386 2360 tauiretis‚
399 2287 459 2344 duo
482 2285 583 2354 retuli,
597 2283 627 2340 in
641 2286 790 2342 delirando
811 2292 842 2343 et
862 2286 1047 2345 olluciuaudo
1065 2285 1150 2357 socii,
1163 2285 1188 2340 si
1208 2284 1264 2342 boo
1278 2285 1332 2341 liat

242 2367 322 2440 quod
336 2385 386 2426 ros
409 2365 524 2439 cupitis,
541 2383 614 2438 nego
635 2367 663 2422 id
675 2365 757 2422 robis
771 2365 957 2438 profuturum
980 2385 1051 2424 esse.
1091 2364 1121 2422 Si
1134 2364 1209 2422 enim
1222 2363 1329 2423 Plutus
1421 2390 1422 2393 ¹

243 2447 279 2503 de
292 2447 405 2521 integro
416 2452 525 2519 cernat,
538 2445 744 2518 distribuatque
753 2447 902 2519 equaliter
911 2466 983 2518 sese,
996 2466 1050 2505 nec
1060 2452 1152 2505 artem
1161 2446 1260 2517 ullum,
1273 2465 1329 2504 nec
1422 2480 1424 2518 2

241 2525 388 2586 scientiam
401 2527 551 2600 quisquam
565 2525 710 2584 homiuum
725 2528 812 2585 colet.
852 2528 999 2587 Ambobus
1012 2532 1108 2587 eutem
1122 2527 1182 2586 istis
1195 2527 1328 2602 sublatis,
1422 2529 1424 2554 ⁴

246 2606 310 2682 quis
319 2610 396 2667 volet
403 2608 511 2666 ferrum
522 2608 639 2680 cudere,
650 2612 699 2666 aut
711 2625 798 2666 nores
809 2611 1002 2684 compingere,
1012 2615 1064 2666 out
1079 2616 1168 2667 restes
1179 2626 1331 2685 consuere,
1423 2649 1424 2656 κ

242 2693 296 2746 aut
308 2696 385 2748 rotas
398 2690 504 2763 faeere,
518 2694 570 2746 eut
583 2689 663 2746 ebrie
676 2706 782 2763 secere,
790 2696 840 2748 out
850 2691 953 2748 lateres
966 2707 1100 2764 coquere,
1112 2696 1165 2747 aut
1175 2687 1329 2746 vestimen·

241 2774 274 2828 m
293 2771 398 2846 polire,
411 2777 463 2830 aut
475 2770 554 2829 coria
564 2788 719 2840 macerare,
729 2777 791 2842 aut,
805 2772 907 2828 aratris
919 2773 1063 2845 proscisso
1082 2777 1166 2828 terrm
1180 2768 1258 2837 solo,
1272 2769 1330 2828 Ce.

127 2894 136 2900 .
241 2851 312 2910 rems
327 2851 424 2929 fruges
437 2857 553 2925 metere,
567 2853 591 2909 si
610 2852 708 2909 otiosis
722 2869 782 2910 esse
793 2852 891 2909 licebit
903 2853 997 2926 robis,
1009 2854 1066 2910 isto
1077 2849 1175 2910 omnis
1185 2851 1330 2927 negligen-

241 2930 339 2992 tibus?
859 2978 861 2986 ,

283 3008 442 3072 CHREM.
462 3009 599 3087 Nuguris.
642 3009 720 3070 Num
740 3013 795 3072 ists
820 3012 917 3072 omnio
937 3013 1220 3086 uobis,quaeouuque
1239 3011 1330 3071 modo

241 3093 423 3164 enumerasti,
437 3092 534 3150 tumuli
547 3091 704 3167 perficient,

281 3169 402 3232 PAUP.
426 3171 510 3231 Unde
521 3173 608 3248 igitur
622 3173 738 3233 habebis
751 3174 898 3234 famulos?

282 3249 443 3311 CHREM.
464 3251 598 3312 Erremus
609 3255 717 3315 scilicet
732 3258 861 3333 pecunia.
1088 3294 1092 3304 ι

240 3411 261 3474 h
279 3330 405 3474 {22¹¹}
426 3333 468 3394 At
480 3333 575 3410 primo
587 3338 648 3409 quis
660 3339 725 3406 erit,
736 3336 787 3412 qui
809 3339 922 3414 reddet,
936 3336 1051 3413 quaudo
1064 3338 1216 3414 pecuniam
1230 3345 1260 3399 et
1277 3342 1330 3401 ille

262 3430 280 3472 u
336 3415 359 3472 it

283 3493 439 3562 cliuum.
460 3493 550 3557 Lucri
563 3497 686 3574 cupidus
698 3504 841 3560 morosior
854 3499 995 3577 quispiam
1006 3518 1026 3558 e
1042 3497 1190 3561 Thessalia
1199 3503 1327 3580 veniens,
1420 3509 1424 3516 ⁴

154 3583 156 3590 ’
241 3591 260 3634 t
270 3576 401 3654 plurimis
413 3579 569 3656 plagiariis.

280 3656 398 3718 PAUP.
420 3657 462 3717 At
472 3662 565 3735 primo
576 3678 629 3718 nec
639 3659 793 3737 plagiarius
802 3660 1234 3738 eritullus,jurmillamnempe
1242 3681 1328 3737 quom

240 3737 311 3798 diris
324 3742 475 3809 rationem.
517 3741 590 3811 Quis
602 3742 676 3800 euim
690 3743 767 3801 dires
780 3745 859 3802 rolet
872 3745 948 3800 istuc
960 3742 1067 3801 tociens
1080 3743 1233 3802 discrimen
1246 3745 1328 3805 adiro

241 3819 307 3877 riter
319 3819 330 3878 l
351 3821 450 3896 itaque
462 3821 525 3896 ipse
537 3841 619 3881 arare
628 3831 745 3882 coactus
757 3831 787 3883 et
795 3823 896 3883 fodore
908 3825 1008 3884 etalio
1019 3841 1110 3898 opem
1118 3824 1223 3897 facero,
1230 3826 1328 3886 multo

241 3903 423 3961 erumnosius
438 3910 511 3963 teres
522 3911 646 3976 aetatem,
660 3922 746 3978 quum
758 3924 844 3964 nurse.

281 3977 438 4044 CHREM.
461 3983 496 4044 ln
510 3992 599 4061 caput
610 4002 690 4046 tuum
704 3984 821 4044 uertat!

282 4057 404 4120 PAUP.
419 4061 568 4125 rPraeteree
581 4084 639 4125 nou
654 4067 763 4140 poteris
775 4071 824 4124 sut
835 4067 866 4124 iu
878 4065 993 4141 sponde
1004 4065 1130 4125 dormire
1142 4084 1152 4137 ς
1177 4083 1238 4124 nou
1250 4066 1327 4126 euim

248 4141 315 4202 erit:
339 4149 391 4200 out
403 4145 432 4200 in
446 4146 590 4219 tapetibus
603 4167 611 4220 ;
633 4148 694 4219 quis
703 4149 778 4206 enim
792 4154 889 4208 texere
901 4148 990 4222 volet,
1002 4148 1047 4204 cui
1057 4165 1154 4206 aurum
1163 4145 1325 4224 suppetet?

244 4237 339 4296 oeque
352 4228 504 4300 unguentis
512 4229 650 4304 inungere
659 4230 790 4303 poteritis
799 4245 945 4304 sponsum,
956 4227 1071 4302 quaudo
1080 4246 1142 4287 sam
1150 4229 1261 4288 duoetis
1269 4227 1325 4286 do.

126 4331 127 4336 ¹
246 4320 336 4384 mum,
345 4321 399 4368 uec
412 4323 476 4371 eum
484 4326 587 4370 ornere
599 4311 753 4375 rumorosis
761 4310 888 4375 restibus
897 4315 979 4372 ostro
989 4309 1114 4389 pertus
1125 4317 1218 4378 slsou
1228 4310 1325 4388 pleb.
