2875 4984
211 372 215 379 ·
287 371 350 431 ιιι
641 362 1034 427 ιιιιιιοιιιιιιιι

287 522 418 619 obloqui,
433 520 587 584 conviciari
577 521 775 599 Nonum,
751 541 776 581 ιι
790 523 852 597 quis
871 524 950 583 aliud
961 542 1046 599 quam
1058 520 1095 583 de
1106 540 1179 599 pros
1189 522 1286 582 diost.
1332 519 1385 580 Sed

285 625 370 665 eccos
380 606 441 681 jam
455 603 595 683 Prytanes
607 604 723 662 meridie
739 605 927 664 advenientes.
969 604 1077 663 Nonne
1088 604 1245 664 dicebam?
1269 603 1335 661 lroc
1352 604 1406 694 il-

285 688 338 746 lud
351 694 405 761 est,
419 688 498 759 quud
510 686 727 760 autumabam,
718 703 747 742 ιιι
761 684 854 761 prima
865 686 999 745 subsellia
1010 704 1041 743 se
1053 686 1169 761 quisque
1179 685 1326 743 intrudit.
1405 705 1406 712 ¹

325 765 457 827 PRAEC.
479 766 632 826 Procedite
645 766 777 839 idherius,
791 766 951 844 procedite,
962 773 995 825 ut
1005 768 1084 825 iutra
1093 769 1251 827 lustratum
1260 764 1384 825 sitislo·

285 864 361 906 oum.

324 926 454 987 AMPH.
476 925 580 987 Jamno
592 927 690 1001 aliquis
703 925 797 985 dixit?

267 1020 271 1027 '
310 1006 456 1067 'PRAEQ
476 1008 549 1076 Quis
561 1010 648 1067 verba
661 1004 851 1067 lacemult?

267 1134 273 1147 .
324 1088 456 1148 AMPH.
478 1088 551 1164 Ego.

324 1166 452 1228 PllAEC.
473 1167 544 1237 Quis
556 1173 589 1226 tn
603 1166 655 1227 esi

325 1248 455 1308 AMPH.
477 1250 676 1323 Amphitheus.

324 1325 456 1387 PRAEC.
478 1330 547 1389 Nou
560 1328 670 1388 homo?

325 1408 453 1468 ΑΜΡΗ.
476 1408 567 1468 Non:
589 1413 636 1467 sed
653 1409 831 1467 immortalis.
855 1407 931 1467 Nam
944 1406 1132 1483 Amphithens
1141 1412 1204 1465 erat
1218 1404 1344 1464 Cereris
1355 1411 1382 1463 et

285 1486 456 1564 Triptolemi
478 1491 571 1562 filius3
593 1508 629 1547 er
643 1491 693 1547 illo
707 1489 807 1548 Celeus
827 1492 974 1548 nascitur:
1010 1488 1110 1547 Celeus
1133 1497 1228 1547 antem
1254 1506 1379 1545 uxoren

284 1572 369 1629 duxit
380 1569 575 1629 Phaeuuretam
595 1572 686 1629 ariam
705 1589 807 1644 meam,
821 1589 856 1627 ex
868 1590 926 1645 qua
939 1568 1066 1653 Lycinna
1085 1577 1168 1627 natus
1188 1576 1246 1643 ast,
1262 1571 1319 1642 qui
1339 1587 1380 1624 me

285 1654 472 1710 immortalem
489 1655 595 1727 genuit.
629 1651 705 1709 Mihi
719 1669 789 1709 vero
804 1653 856 1708 soli
871 1651 1059 1726 permiserunt
1072 1652 1110 1707 dii
1123 1651 1256 1707 inducias
1270 1649 1409 1723 pacisci

284 1750 349 1790 cum
362 1730 595 1791 Lacedaemoniis.
637 1735 680 1789 At
692 1750 747 1807 ego
758 1732 924 1790 immortalis
937 1733 987 1804 qui
1009 1751 1080 1801 sum,
1096 1732 1115 1789 ὃ
1128 1732 1223 1806 amici,
1237 1730 1378 1787 viaticum

284 1830 344 1870 non
358 1811 469 1869 habeo:
492 1832 550 1869 nou
564 1815 638 1870 enim
650 1814 717 1870 mihi
730 1814 944 1871 subministrant
953 1812 1101 1889 Prytaucs.

324 1890 456 1953 PRAEC.
480 1891 543 1951 Eho
558 1895 713 1951 lictores-

323 1972 452 2031 AMPH.
475 1971 503 2031 Ο
516 1972 694 2047 Triptolemo
706 1980 736 2031 et
748 1971 844 2047 Celee,
857 1992 938 2031 mene
950 1972 1045 2045 abripi
1058 1970 1226 2047 patiemini?

323 2052 409 2113 mc.
432 2052 616 2131 OPrytanes‚
631 2054 864 2128 iujuriamlacitis
878 2060 1051 2130 congregato
1064 2055 1182 2127 populo,
1197 2070 1287 2124 quum
1298 2051 1376 2107 huuc
1409 2079 1410 2082 ι

282 2134 494 2291 iiiiiliiiisci
510 2136 631 2211 jubetis,
647 2137 696 2209 qui
709 2137 825 2195 uolebat
838 2137 920 2195 nobis
942 2136 1068 2193 inducias
1081 2135 1187 2209 facere,
1198 2141 1230 2193 et
1253 2150 1375 2208 suspen·
1410 2181 1412 2316 Ι

325 2294 459 2353 PRAEC.
480 2296 551 2353 Sede
564 2297 677 2355 tacitus

323 2374 406 2433 DlC.
427 2374 496 2433 Nun
510 2376 621 2449 luciam,
636 2378 677 2434 ita
689 2394 734 2434 me
746 2377 858 2450 Apollo
869 2383 956 2452 amet,
972 2377 1024 2435 nisi
1043 2376 1079 2433 de
1100 2392 1172 2449 pace
1184 2372 1373 2433 consultatio·

283 2474 347 2515 nem
361 2456 430 2511 mihi
444 2458 622 2528 proponatis.

322 2530 456 2595 PRAEC.
477 2534 622 2594 Prodeant
634 2536 728 2611 legati,
743 2556 792 2611 qur
783 2538 840 2594 'ad
854 2536 1006 2604 Regem
971 2556 1045 2594 rnrssr
1036 2537 1180 2593 ’.lurrant

322 2612 519 2683 chstluem
534 2616 649 2691 regern?
673 2621 783 2675 taedium
798 2620 870 2675 enim
885 2638 930 2675 me
949 2620 1025 2693 cepit
1044 2618 1214 2693 legaturum,
1230 2619 1260 2673 et
1279 2632 1369 2689 paro-
1411 2671 1412 2690 ἶ

282 2714 351 2755 num
365 2696 489 2769 illorum,
503 2699 725 2773 stolidarumqne
736 2699 946 2774 jactantiarum.

321 2774 452 2837 PRAEC.
475 2777 539 2835 Sile.

321 2856 403 2916 ch.
426 2858 512 2931 Papa
525 2859 533 2917 l
557 2857 576 2914 ὃ
591 2857 757 2917 Ecbatana!
778 2861 840 2934 quis
853 2861 901 2916 hic
914 2865 957 2917 est
968 2857 1079 2917 habitus
1092 2854 1240 2915 insolens?

322 2936 416 2997 LEG.
438 2936 557 2995 Misistis
571 2958 632 3009 uos,
644 2939 821 3016 Euthymeue
831 2942 989 3011 Archonte,
998 2944 1034 2997 ad
1047 2939 1185 3014 Magnum
1196 2936 1313 3014 Regem,
1322 2944 1367 2996 at·

280 3018 391 3077 tributa
401 3020 483 3077 nobis
497 3020 525 3075 in
540 3021 664 3093 strigulus
678 3022 737 3078 dies
750 3022 867 3080 duarum
878 3023 1074 3079 drachmarum
1087 3019 1225 3078 mercede.

320 3096 401 3155 DlC.
423 3098 782 3160 Heimihidrachmarum!

321 3176 415 3235 LEG.
437 3178 574 3237 Afflictati
588 3188 681 3237 autem
692 3200 785 3238 sumus
798 3182 908 3249 misere,
923 3200 974 3255 per
988 3179 1134 3256 Caystrius
1147 3195 1260 3250 campus
1278 3179 1363 3235 ober-

281 3258 374 3393 ¹raudo
393 3258 448 3317 sub
468 3258 630 3335 tentoriis,'
623 3280 652 3319 ιιι
672 3264 814 3337 carpentis
835 3264 960 3321 molliter
982 3262 1129 3334 cubantes,
1144 3260 1273 3317 arumnis
1292 3278 1363 3317 con·

295 3336 361 3396 ecti.

321 3416 402 3479 DIC.
420 3418 532 3479 Scilicet
545 3437 652 3478 mecum
672 3424 744 3480 bene
757 3424 906 3499 agebatur,
920 3440 1007 3523 quum
1022 3422 1057 3481 ad
1076 3419 1338 3495 propugnaculum
1329 3438 1362 3475 sn

280 3499 370 3573 paleis
383 3503 527 3558 cunarum.

320 3578 413 3638 LEG.
426 3579 547 3655 Excepti
558 3587 650 3639 autem
662 3582 788 3657 hospitio
799 3585 969 3659 cogebamur
982 3582 1080 3639 bibere
1092 3600 1109 3639 e
1121 3582 1203 3638 vitrei
1216 3580 1319 3653 poculis
1331 3585 1361 3637 et

280 3662 372 3719 aureis
388 3661 486 3735 phialis
500 3681 607 3721 merum
622 3664 712 3721 dulce.

319 3738 401 3799 DlC.
423 3739 451 3799 Ο
464 3740 567 3803 Crauai
582 3744 692 3815 civitas,
707 3746 881 3812 naturantis,
894 3749 926 3800 nt
939 3748 968 3800 te
980 3675 1161 3799 ludificentur
1173 3738 1279 3814 legati?

320 3818 414 3879 LEG.
434 3820 555 3880 Barbari
567 3827 640 3881 esim
654 3827 731 3883 solos
743 3844 792 3882 eos
805 3843 865 3883 esse
878 3826 953 3882 viros
967 3824 1118 3898 deputant,
1137 3820 1189 3896 qui
1211 3818 1357 3895 plurimum

279 3902 373 3959 valent
385 3921 445 3961 esse
456 3910 485 3961 et
497 3904 604 3963 bibere.

319 3980 399 4043 DIC.
422 3985 465 4039 At
478 4002 529 4043 nos
543 3986 654 4043 eosdem
665 3991 838 4043 scortatores
852 3990 882 4041 et
895 3985 1017 4043 cinados
1030 4002 1090 4039 esse
1101 3984 1273 4056 deputamus.

319 4058 410 4119 LEG.
428 4063 515 4123 Auno
528 4072 620 4123 autem
636 4075 742 4139 quarto
760 4068 795 4122 ad
809 4065 914 4139 regiam
929 4064 1126 4138 pervenimus:
1149 4064 1197 4119 sed
1212 4062 1269 4119 Rex
1282 4062 1355 4117 ahie.

279 4149 325 4199 rat
344 4144 449 4202 ventris
468 4146 641 4204 exonerandi
662 4147 765 4221 gratia,
780 4148 906 4203 abducto
925 4164 1021 4203 secum
1041 4144 1181 4220 exercitu,
1201 4160 1354 4217 mensesque

274 4232 433 4303 perpetuos
446 4232 514 4283 octo
527 4228 637 4287 cacavit
649 4230 678 4285 in
692 4229 786 4285 aureis
800 4227 953 4285 montibus.
