2875 4984
485 419 518 484 N
528 419 666 488 Unus,
1071 423 1128 482 rot

23 578 116 655 tavit,
133 575 185 654 qui
197 575 373 640 Marathone
383 587 567 658 pugnamnt:
590 587 622 642 to
633 583 726 641 autem
740 596 818 640 nunc
827 575 957 641 homines
976 577 1062 656 doces
1071 586 1129 640 sta·

24 663 69 718 im
87 661 224 719 vestibus
237 660 363 720 iurnirie
382 664 624 738 adeoqueenecor
637 663 843 740 indignatione,
855 661 968 736 quaudo
981 662 1011 719 in
1035 659 1130 722 Pana·

23 742 165 814 :benaeis,
179 743 230 800 ubi
253 759 303 802 eos
326 745 430 802 altare
450 750 580 820 oportet,
593 746 695 818 aliquis
717 744 849 822 clypeum
864 742 932 818 peni
951 743 1130 818 pretendens

23 822 153 896 negligit
168 819 377 900 Tritegeniam.
419 823 557 900 Proinde,
574 825 777 900 dadolescens,
791 823 925 882 audacter
934 839 979 882 me
988 825 1131 900 potiorem

23 921 194 960 sermonem
208 904 301 980 eiige3
323 911 352 963 et
365 912 433 962 tune
445 903 535 964 disces
549 905 640 966 odisse
652 906 759 980 iorum,
772 912 801 964 et
815 925 833 962 a
844 903 961 962 balineis
975 904 1129 972 abstinere,

23 989 48 1040 et
63 987 246 1044 erubescere
259 987 297 1043 ob
311 987 418 1062 turpia,
432 992 472 1063 et,
489 987 513 1046 si
535 987 598 1065 quis
613 993 645 1049 te.
663 987 727 1045 ideo
741 985 902 1059 cavilletur,
914 987 1130 1063 excandescere,

23 1071 49 1122 et
64 1063 241 1122 senioribus
256 1067 455 1126 accedentibus
473 1070 536 1126 loco
550 1067 660 1142 cedere,
675 1085 727 1125 nee
741 1068 813 1124 male
825 1067 920 1124 iacere
932 1067 989 1124 tuis
1003 1065 1130 1140 parend-

23 1145 93 1217 bus,
109 1163 171 1202 nec
185 1147 264 1204 aliud
278 1148 431 1222 quiequam
445 1157 532 1224 turpe
555 1149 715 1223 admittere,
730 1145 799 1221 quia
812 1145 934 1206 Pudoris
956 1148 1064 1222 signnm
1078 1147 1129 1205 de.

23 1225 73 1282 bes
89 1225 255 1302 effingere:
280 1245 333 1286 uec
346 1229 382 1285 ad
396 1229 566 1288 saltatricem
582 1231 751 1304 irrumpere,
765 1247 801 1286 ne
810 1229 870 1286 istis
883 1229 966 1286 rebus
975 1229 1131 1289 inhiantem

23 1309 108 1364 malo
126 1313 214 1382 petat
227 1311 419 1380 meretricula,
438 1311 569 1386 ternaque
590 1317 641 1369 tua
661 1313 828 1382 detoratur3
861 1329 912 1368 nee
934 1309 1132 1367 contradicere

24 1389 108 1460 patri
125 1389 295 1464 quicquam,
311 1407 375 1464 nec,
397 1386 533 1467 Jupetum
548 1409 609 1449 eum
636 1392 800 1466 vocitando,
815 1391 971 1448 meminisse
988 1390 1131 1449 malorum

27 1469 108 1524 illius
126 1472 305 1544 aetatisque·
321 1477 349 1529 te
362 1471 504 1529 educarit.

69 1547 158 1609 lNJ.
182 1549 212 1610 Si
225 1551 302 1624 huie,
315 1551 333 1609 ὂ
345 1552 520 1632 adolescens,
536 1553 571 1611 de
584 1553 643 1611 istis
658 1553 767 1624 credas,
780 1551 820 1610 ita
830 1571 875 1610 me
896 1549 1025 1610 Bacchus
1042 1555 1132 1626 amet,

30 1630 134 1689 similis
149 1633 207 1690 eris
221 1629 407 1707 Hippocratis
419 1633 496 1707 filiis,
511 1641 541 1692 et
553 1635 638 1710 rnlgo
651 1641 681 1692 te
693 1633 838 1690 vocabunt
852 1635 978 1690 bliteum.

72 1710 95 1770 J
100 1707 195 1771 UST.
217 1711 312 1770 Immo
326 1713 430 1771 nitidus
444 1721 474 1773 et
487 1713 591 1773 florens
604 1716 631 1773 in
646 1714 784 1790 palaestris
799 1715 954 1771 versaberis
967 1731 975 1784 ;
997 1730 1057 1768 non
1066 1715 1134 1786 'gar-

31 1793 90 1850 ries
104 1795 137 1850 in
151 1793 222 1852 foro
234 1795 395 1852 inconditas
409 1811 510 1872 nugas,
524 1797 619 1869 quales
632 1797 678 1854 isti
691 1813 782 1869 nnnc,
796 1806 889 1868 nequo
909 1792 1028 1853 traheris
1042 1793 1071 1850 in
1081 1791 1132 1866 jus

33 1875 154 1932 obrem
170 1875 272 1950 levem,
287 1893 351 1949 quae
378 1883 481 1934 tetum
496 1877 711 1951 perderepossit
726 1883 847 1952 propter
860 1874 1014 1934 calumnias
1027 1874 1132 1931 adrer-

36 1957 211 2013 sariorum:
233 1975 331 2017 verum
345 1957 375 2014 in
388 1956 570 2016 Academiam
583 1957 768 2026 descendens,
783 1959 834 2015 sub
847 1956 934 2014 sacris
948 1954 1020 2014 oleis
1032 1955 1132 2011 decur-

36 2054 96 2111 res,
113 2037 265 2095 redimitus
281 2039 390 2096 calamo
404 2039 482 2114 albo,
500 2054 564 2096 cum
578 2039 709 2098 modesto
722 2036 823 2110 aquali
847 2044 899 2095 tuo
913 2038 1023 2112 aliquo,
1037 2035 1133 2092 smila·

40 2135 100 2174 cem
119 2117 255 2176 redolens
269 2124 300 2176 et
311 2120 414 2190 otium,
429 2125 459 2176 et
477 2120 570 2176 albam
593 2120 734 2196 populum
748 2118 818 2175 folia
838 2119 1053 2192 germinantem,
1068 2131 1134 2172 rer·

37 2217 78 2255 no
94 2205 232 2272 tempore
244 2199 377 2275 gaudens,
391 2199 506 2272 quando
519 2201 651 2274 platanos
664 2199 741 2257 ulmo
754 2206 894 2256 susurrat.
935 2196 1022 2266 Quod
1035 2196 1059 2253 si
1072 2195 1134 2251 baec

39 2297 104 2352 quae
120 2279 302 2354 dicosanus,
316 2298 407 2352 eoque
420 2279 550 2340 advertas
560 2281 695 2354 animum,
706 2279 824 2337 habebis
834 2297 944 2353 semper
959 2283 1060 2354 pectus
1070 2276 1134 2350 pio·

37 2375 102 2434 gne,
132 2361 259 2418 colorem
283 2361 414 2436 nitidum,
429 2361 563 2421 humeros
584 2379 714 2439 magnos,
740 2361 865 2436 linguam
888 2360 1030 2436 exiguam,
1053 2364 1134 2416 nates

39 2458 172 2515 magnas,
188 2457 288 2516 penem
303 2459 433 2516 parvum.
475 2441 524 2500 Sin
539 2444 593 2503 illis
607 2443 703 2516 rebus,
719 2444 820 2516 quibus
833 2442 878 2500 isti
892 2457 982 2515 nunc,
996 2437 1133 2506 studebis,

40 2521 170 2594 primunr
183 2522 293 2596 quidem
306 2523 422 2580 habebis
438 2525 566 2582 colorem
591 2526 736 2599 pallidum,
750 2524 880 2581 humeros
903 2539 1019 2596 perros,
1032 2525 1133 2596 pectut

40 2609 141 2676 tenue,
167 2604 291 2678 linguam
311 2619 452 2678 magnam,
476 2612 555 2664 nates
576 2624 689 2680 parvas,
704 2623 805 2678 penem
826 2621 966 2678 magnum,
988 2603 1135 2658 decretum

42 2682 164 2759 longum
177 2703 187 2740 r
201 2691 231 2742 et
243 2685 426 2759 persuadebit
440 2687 503 2757 tibi,
518 2693 550 2742 ut
565 2687 662 2744 credas
676 2685 814 2759 quidquid
827 2689 911 2758 turpe
924 2691 977 2757 est,
992 2680 1064 2738 illud
1075 2697 1136 2738 esse

42 2762 209 2839 honestum,
224 2765 364 2838 quidquid
390 2767 552 2838 honestum,
564 2764 634 2826 iliud
656 2773 759 2840 turpe3
781 2771 811 2822 et
827 2765 863 2821 ud
886 2764 948 2821 lraee
970 2759 1135 2822 Antimacbi

44 2845 169 2906 moltitie
182 2847 353 2923 oppleberis.

84 2923 216 2986 CHOR.
239 2925 425 3001 Osapientiae
439 2928 559 2988 excelsa
574 2935 602 2987 et
615 2929 730 3006 inelytae
746 2928 853 3001 cultor,
865 2943 949 3000 quam
963 2921 1056 2983 suavis
1071 2938 1138 2979 ora-

45 3005 119 3064 tioni
135 3014 195 3065 tuae
209 3015 237 3066 et
260 3011 402 3066 modestus
416 3009 491 3067 inest
505 3008 579 3068 flos!
601 3007 683 3067 Beati
697 3028 767 3084 ergo
788 3013 883 3079 erant,
898 3007 947 3080 qni
970 3011 1041 3064 tunc
1059 3003 1137 3060 rire·

46 3087 127 3161 bant,
144 3105 231 3163 quum
245 3097 277 3146 tu
290 3090 382 3147 adbtm
394 3107 467 3160 eras,
484 3092 587 3163 prioris
601 3089 654 3148 aevi
667 3090 805 3148 homines.
846 3087 894 3146 Tu
908 3105 988 3160 roro,
1003 3086 1050 3142 eni
1066 3083 1139 3141 mol.

48 3168 74 3224 le
88 3178 181 3244 atque
194 3169 318 3228 facetum
332 3171 431 3228 adnuit
444 3168 541 3246 Musa,
552 3179 654 3230 contra
666 3172 721 3228 lsta
730 3175 847 3246 oportet
856 3168 963 3244 aliquid
972 3166 1039 3224 neri
1049 3171 1077 3224 te
1090 3163 1140 3222 ad-

49 3249 147 3323 sorre3
172 3267 237 3308 narn
251 3253 304 3308 iste
315 3253 360 3308 rir
373 3252 491 3308 multam
506 3253 617 3310 laudem
626 3253 747 3328 adeptus
757 3257 811 3310 est.
852 3249 1058 3308 Solertiautem
1068 3264 1140 3304 con-

49 3331 112 3390 silio
127 3332 245 3390 ridetur
256 3333 308 3390 tibi
324 3349 396 3406 opus
408 3334 473 3390 iore
486 3334 620 3392 adsersus
633 3353 708 3408 eum,
724 3333 747 3389 si
760 3333 852 3390 virum
865 3331 944 3388 illum
958 3328 1082 3387 volueris
1094 3346 1139 3386 su·

53 3427 166 3486 parare,
182 3419 212 3470 et
223 3431 283 3470 nnn
296 3414 452 3472 ludibrium
466 3414 579 3472 debere.

92 3491 177 3552 1NJ.
191 3495 294 3572 ¹Atqui
316 3494 423 3551 dudum
443 3495 511 3552 mihi
537 3493 805 3570 praefocanturilia,
818 3491 947 3568 cupienti
969 3487 1066 3548 omnia
1088 3487 1142 3544 ista

55 3574 208 3634 contrariis
222 3575 369 3633 sententiis
384 3577 566 3636 conturbare.
607 3575 684 3634 Nam
697 3594 750 3652 ego
764 3573 853 3650 Pejor
867 3572 981 3645 quidem
990 3569 1089 3628 Sermo
1102 3569 1142 3661 ob

55 3653 82 3709 id
97 3657 192 3729 ipsum
206 3674 321 3715 rocora
333 3657 519 3733 scholasticis,
534 3658 601 3731 quie
616 3658 725 3732 primus
737 3653 906 3732 excogitari,
916 3652 1060 3730 quomodo
1081 3665 1143 3721 quis

57 3734 168 3809 legibus
182 3743 211 3796 et
223 3736 283 3811 juri
297 3739 494 3797 contradicere
508 3739 616 3814 possit:
639 3739 687 3796 sed
698 3739 755 3796 hoe
768 3755 841 3795 auro
857 3738 957 3792 contra
970 3749 1069 3790 earum
1081 3746 1143 3786 non

58 3825 107 3887 est,
123 3819 148 3875 si
160 3817 292 3876 nimirum
307 3821 444 3893 suscipias
457 3838 566 3878 cansam
590 3819 767 3890 debiliorem,
780 3823 810 3876 et
829 3822 921 3874 tamen
942 3814 1047 3870 vincas.
1089 3803 1144 3868 Sed

58 3907 167 3974 specta,
183 3899 328 3975 quomodo
342 3899 498 3960 cuniutabo
511 3899 689 3978 disciplinam
703 3897 802 3974 hujus,
815 3898 861 3954 cui
872 3893 990 3952 confidit
1002 3911 1011 3963 3
1032 3892 1082 3964 qui
1096 3907 1145 3948 ne·

60 3983 151 4048 gatae
165 3999 312 4054 passurum
326 3987 355 4040 te
369 3983 459 4040 calida
471 3983 569 4040 lavari.
610 3977 679 4049 Quo
702 3983 798 4054 itaque
815 3981 985 4054 argumento
998 3972 1145 4050 vituperor

61 4059 152 4118 calida
165 4060 302 4119 lavacra?

99 4138 120 4199 J
124 4139 209 4199 UST.
231 4141 309 4210 Quia
321 4144 439 4218 pessima
452 4149 528 4218 sunt,
543 4147 573 4202 et
585 4142 726 4201 bominem
740 4138 863 4201 reddunt
874 4136 1017 4213 ignarum.
1122 4212 1128 4225 ι

101 4219 183 4280 lNJ.
205 4221 348 4289 Quiesce:
371 4243 435 4281 nam
450 4243 516 4284 ecce
531 4229 560 4281 te
573 4224 693 4282 medium
704 4229 801 4293 teneo,
812 4227 846 4276 ut
855 4217 929 4280 elabi
939 4231 1071 4292 nequeas.
1091 4207 1148 4270 Dra

65 4302 141 4373 mihi,
156 4321 305 4375 quemnam
321 4322 354 4362 ex
368 4301 451 4364 doris
467 4304 529 4363 filiis
545 4305 691 4364 tortissimi
705 4303 790 4362 animi
803 4306 887 4375 putas
900 4299 999 4374 luisse,
1013 4303 1047 4354 et
1066 4293 1149 4378 labo·

66 4396 106 4440 res
121 4384 259 4458 plurimos
272 4387 451 4444 exantlasse?
989 4380 999 4401 ,
1089 4408 1092 4415 ·
