2875 4984
262 258 320 312 108
602 247 997 310 ARISTOPHANIS

299 405 453 466 CHREM·
474 405 558 464 Tune
572 406 671 480 patriae
685 424 781 464 amaus
794 414 824 465 et
835 408 879 464 vir
892 404 1006 464 bouus?

298 487 382 546 SYC.
406 487 449 545 Ut
462 505 545 544 nemo
558 489 637 544 alius.

298 566 457 626 CHREM.
477 569 567 640 Atqui
582 568 722 643 responde
736 567 890 641 mihiquod
905 574 933 626 te
947 566 1142 642 interrogabo.

298 647 382 706 SYC.
404 647 566 718 Quidnam?

297 727 453 787 CHREM.
477 727 551 790 Esne
564 730 704 806 agricola?

289 809 380 868 .sYc.
403 811 449 867 Tu
463 830 507 868 um
521 813 592 868 adeo
605 813 727 868 insanire
740 808 847 884 putas?

296 889 452 949 CHREM.
475 891 528 949 Sed
542 890 703 950 mereator?

296 971 380 1030 SYC.
402 971 473 1030 Saue
482 991 546 1030 eum
561 991 604 1029 me
618 978 677 1031 esse
688 975 802 1042 simulo,
815 971 955 1047 siquando
969 987 1034 1026 usus
1046 966 1131 1024 venit

297 1051 453 1111 CHREM.
477 1053 553 1122 Quid
568 1053 661 1129 ergo?
683 1073 751 1112 uum
766 1060 855 1110 artem
869 1055 990 1123 aliquem
1004 1046 1186 1106 addidicisti?

297 1132 382 1192 SYC.
408 1135 475 1192 Non
491 1135 593 1192 hercle.

296 1213 452 1292 CHREM.
475 1213 629 1284 Quomodo
644 1215 730 1291 igitur
742 1214 904 1286 victitabam,
918 1219 968 1269 aut
986 1211 1072 1284 unde,
1087 1227 1171 1284 quum
1184 1207 1254 1264 nihil
1278 1224 1355 1280 ageg

257 1297 322 1354 res?

296 1373 379 1433 SYC.
402 1375 522 1438 Publica
536 1379 650 1451 negotia
665 1395 791 1450 procuro
805 1382 833 1434 et
848 1374 958 1448 privata
970 1372 1074 1438 omnia.

298 1454 455 1518 CHREM.
478 1457 582 1516 Tune?
606 1477 663 1532 qua
676 1458 814 1532 impulsus
829 1474 913 1514 causa
927 1457 937 1512 ἓ

296 1535 382 1594 SYC.
404 1538 449 1595 Sic
461 1541 547 1596 lubet.

297 1616 455 1675 CHREM.
478 1618 630 1687 Quomodo
649 1620 737 1693 igitur
759 1625 788 1674 tu
801 1619 837 1675 sis
858 1616 902 1673 vir
916 1613 1052 1682 bonus‚d
1072 1612 1211 1686 parietum
1232 1608 1351 1682 portos,-

175 1728 178 1736 ,
255 1717 314 1767 sor,
331 1700 353 1754 si
369 1702 397 1755 in
412 1700 455 1770 iis,
467 1719 527 1773 quas
542 1701 611 1756 nihil
625 1703 660 1754 ad
675 1711 703 1756 te
716 1700 855 1770 adunent,
870 1698 966 1753 odium
980 1697 1031 1751 tibi
1045 1690 1200 1750 concilias?

218 1806 221 1812 =
295 1775 380 1835 SYC.
404 1778 487 1835 [tane
501 1798 568 1837 vero
583 1781 619 1834 ad
630 1799 674 1835 mo
698 1799 756 1834 non
770 1781 880 1836 adtinet
892 1780 927 1834 do
940 1796 1002 1833 mea
1014 1775 1083 1839 mihi
1097 1773 1189 1847 patria
1202 1788 1248 1826 ure
1270 1769 1349 1831 bene

191 1906 194 1909 .
254 1860 357 1916 mereri
369 1860 504 1932 promeis
517 1860 635 1930 uiribus,
652 1860 670 1916 ὂ
684 1859 786 1916 lutue?

295 1937 453 1997 CHRlllll.
476 1940 553 1998 Bene
563 1941 663 1999 mereri
677 1942 711 1998 de
724 1940 818 2013 patria
832 1946 912 1998 estne
924 1937 1017 1994 aliena
1031 1931 1155 1992 curare?

294 2018 377 2077 SYC.
399 2019 452 2078 Est
464 2041 532 2080 sane
545 2023 842 2097 legibussuccurrere,
852 2040 915 2095 quar
927 2014 1155 2093 pontesursum,
1166 2017 1264 2070 etnon
1275 2029 1347 2084 per3
1422 2011 1424 2084 ξ

253 2101 377 2172 mittere,
391 2104 412 2158 si
428 2104 491 2174 quis
506 2109 613 2177 peccet.
718 2099 722 2104 ’
1336 2171 1345 2184 ·
1422 2089 1424 2128 ¹

295 2180 453 2240 cunum,
475 2186 583 2240 Annon
597 2201 665 2240 vero
688 2184 756 2240 data
771 2200 859 2257 opera
879 2182 978 2252 §initas
998 2178 1107 2253 judicos
1121 2172 1281 2247 constituit,
1295 2189 1346 2242 qul
1423 2185 1424 2192 ’

252 2262 296 2332 his
311 2263 448 2334 praesint?

292 2339 377 2400 SYC.
402 2342 444 2399 At
454 2345 515 2414 quis
531 2344 645 2400 nomina
657 2343 768 2409 defert?

294 2418 450 2478 clinum.
473 2421 531 2490 Qui
545 2424 617 2481 vult.
1279 2481 1282 2484 ,

293 2500 377 2560 SYC.
401 2503 492 2576 Atqui
505 2505 527 2562 is
542 2522 596 2578 ego
612 2522 672 2560 surn
687 2522 695 2560 ε
714 2503 871 2577 proindoin
886 2521 931 2560 me
945 2501 1074 2568 recidunt
1085 2497 1203 2560 civitatis
1214 2495 1339 2567 negotia.

295 2580 449 2640 clinum.
476 2584 642 2658 improbum
656 2585 744 2660 igitur
759 2585 853 2642 hercle
868 2583 1015 2657 praesidem
1037 2581 1133 2649 nabet.
1178 2578 1221 2633 At
1242 2593 1341 2637 nonno

252 2664 351 2720 malles
363 2666 568 2738 tranquillitate
584 2659 732 2739 perfruens
746 2667 774 2720 in
789 2668 850 2723 otio
864 2669 959 2722 rivere
974 2662 985 2719 ?

291 2741 377 2802 SYC.
400 2747 441 2802 At
456 2753 486 2804 tu
502 2746 617 2820 pecudis
631 2747 718 2806 vitam
732 2763 947 2821 commemoras,
963 2743 988 2806 si
1001 2743 1112 2819 nullum
1126 2741 1182 2798 erit
1205 2737 1339 2809 studium,

252 2824 351 2898 inquo
365 2834 476 2884 aetatem
492 2835 576 2884 teras.
1334 2820 1337 2827 ¹

291 2905 448 2963 CHREM.
471 2906 535 2962 Neo
547 2909 705 2964 meliorato
718 2907 815 2966 doceri
829 2902 955 2964 sineres?

291 2984 375 3044 SYC.
400 2985 481 3058 Non,
497 2987 520 3042 si
533 2987 599 3056 nsihi
613 2988 693 3044 dares
708 2986 825 3044 Plutum
838 2988 927 3062 ipsum
942 2992 971 3043 et
984 2984 1063 3043 Batti
1076 2981 1222 3060 silphium.

291 3063 446 3123 CHREM.
471 3064 592 3140 Depone
602 3069 681 3124 ocius
695 3076 811 3128 restem.

291 3143 386 3202 CAR.
410 3145 489 3205 Heus
502 3154 545 3219 tu,
560 3147 613 3204 tibi
626 3149 703 3206 dicit.

291 3222 447 3283 CHREM.
470 3226 580 3286 Deinde
595 3229 703 3286 calceos
716 3246 800 3286 exue.

290 3303 385 3363 CAR.
408 3306 514 3364 Omnia
525 3309 585 3366 haec
600 3311 650 3367 tibi
664 3312 744 3367 dicit.
930 3369 938 3387 ι
1244 3380 1246 3383 v

289 3384 374 3445 SYC.
396 3387 472 3455 Quin
486 3409 547 3464 age,
562 3392 678 3450 accedat
692 3390 795 3463 aliquis
809 3388 935 3464 reatuin]
949 3388 1006 3458 huc
1017 3389 1054 3444 ad
1065 3406 1121 3462 me,
1135 3388 1157 3442 si
1173 3392 1235 3460 quis
1250 3394 1318 3450 vult.

289 3464 386 3525 CAR.
411 3473 503 3544 Atqui
515 3472 538 3528 is
553 3490 614 3528 sum
629 3489 692 3546 ego·

289 3546 375 3609 SYC.
397 3549 453 3608 Hei
468 3551 569 3610 miser!
593 3552 717 3616 interdiu
732 3552 857 3621 ‚vestibus
868 3551 989 3624 spolior.

289 3625 384 3688 CAR.
406 3629 432 3687 T
436 3650 453 3686 u
471 3633 545 3690 enim
560 3631 614 3702 vis,
630 3635 723 3690 aliena
736 3633 850 3707 nogotia
864 3649 979 3703 curans,
994 3632 1085 3700 eibum
1100 3632 1215 3689 habere.

287 3708 372 3768 SYC.
395 3713 454 3786 (ud
466 3714 588 3784 testem)
606 3712 706 3771 Viden’
722 3720 753 3769 tu
769 3732 832 3786 quae
844 3711 936 3768 facit?
959 3712 1061 3770 horum
1076 3720 1104 3768 te
1119 3720 1216 3769 tostum
1231 3731 1313 3773 roco.

289 3789 447 3849 CHREM.
468 3791 523 3849 Sed
541 3795 568 3849 in
584 3795 668 3868 pedes
682 3813 711 3850 se
724 3794 861 3868 ¹conjecit,
877 3811 957 3865 quem
971 3794 1090 3861 adduxti
1106 3801 1214 3861 testem.
1306 3792 1310 3803 ’

285 3866 369 3926 SYC.
392 3872 446 3932 Vae
459 3873 546 3931 mihi!
569 3877 646 3932 solus
659 3877 695 3933 ab
709 3877 769 3932 istis
783 3876 983 3932 circumclusus
996 3892 1070 3930 sum.

286 3947 379 4007 CAR.
402 3953 488 4012 Nune
502 3955 650 4013 clamitas?

286 4029 370 4088 SYC.
396 4031 447 4090 Vae
461 4039 564 4094 iterum
579 4036 664 4095 milri!

285 4109 380 4248 quR.
404 4112 448 4170 Da
459 4122 491 4173 tu
505 4119 571 4175 milri
585 4119 720 4176 detritum
734 4119 807 4175 istud
819 4117 946 4193 pallium,
961 4134 1021 4191 quo
1034 4114 1162 4180 amiciam
1172 4116 1330 4191 sycophan-

246 4201 303 4254 tam
325 4211 436 4252 runcce.
990 4253 995 4262 ,

285 4267 394 4336 JUST.
416 4273 537 4338 Minime
551 4298 618 4341 rero
631 4298 639 4338 ε
663 4298 728 4340 uam
741 4277 829 4340 Pluto
842 4283 1039 4352 consecratum
1052 4282 1096 4338 est
1108 4276 1225 4348 (ludum.
