2875 4984
284 274 344 332 112
534 227 536 232 ’
644 265 1045 329 nursrorusnrs

322 423 478 485 CHREM.
500 424 544 482 At
567 429 659 482 tamen
680 425 814 499 quoniam
838 429 935 487 riuum
948 448 1008 487 nou
1021 427 1185 505 dedignatus
1198 450 1228 489 es
1254 429 1375 509 bibere,

280 508 365 565 stiam
377 508 433 566 faex
443 507 495 563 tibi
508 507 700 563 exhaurienda
712 509 777 565 erit.

321 587 390 646 AD.
411 587 466 646 Sed
478 587 539 642 haec
553 586 608 643 faen
621 595 664 644 est
677 591 758 645 nimis
771 597 850 647 retus
862 598 893 648 et
903 589 1002 665 putris.

320 666 477 725 CHREM.
499 666 577 742 Ergo
588 670 682 725 colum
697 671 758 727 istis
767 673 901 728 omuibus
914 672 1083 728 medebitur.

320 747 386 807 AD.
407 749 461 822 Sed
482 749 531 806 abi
552 751 650 807 iutroz
680 749 743 808 Dan
760 754 835 808 enim
848 755 917 810 rolo
930 754 1070 827 ingrersus
1093 751 1225 810 dedicare
1244 761 1374 814 coronas

281 829 373 896 hasce,
387 850 456 906 quas
466 831 568 888 babeo.

321 909 392 970 AN.
416 910 479 988 Ego
492 913 595 968 vernei
608 913 692 968 etiam
707 914 815 986 alinuid
827 914 921 971 dicere
930 915 1009 970 roto.

319 991 388 1049 AD.
409 994 451 1049 At
463 1012 517 1069 ego
522 991 582 1064 jam
597 1011 655 1049 non
667 995 793 1052 intrabo.

320 1072 477 1132 CHREM.
500 1072 584 1131 Bono
598 1078 753 1133 animnos:
779 1077 850 1132 nihii
862 1076 1006 1133 formida:
1029 1094 1087 1132 unu
1099 1074 1175 1132 enim
1186 1073 1237 1130 tibi
1251 1075 1310 1132 rim
1326 1077 1371 1132 iu·

277 1156 361 1213 ieret.

318 1236 388 1295 ul).
409 1235 500 1294 Recte
513 1239 629 1295 omuino
639 1255 754 1295 mones:
776 1257 840 1294 uam
851 1240 1017 1295 satisurutto
1029 1245 1158 1310 tempore
1170 1254 1231 1292 eam
1242 1238 1368 1294 subieri.

318 1317 388 1375 AN.
412 1316 427 1374 l
442 1337 521 1392 prae:
540 1339 593 1394 ego
605 1329 698 1375 autem
711 1338 787 1392 poue
800 1327 828 1374 te
842 1320 993 1394 ingrediar.

320 1397 476 1458 CHREM.
497 1398 590 1466 Quam
605 1401 800 1472 pertinaciter,
817 1399 836 1456 ὃ
860 1419 991 1473 supreme
1012 1397 1139 1472 Jupiter,
1153 1396 1215 1454 brec
1235 1398 1367 1473 anicula,

278 1481 358 1537 velut
370 1487 506 1548 ostreum,
522 1483 693 1538 adolescenti
706 1480 891 1539 suberescis!

319 1559 441 1619 CHOR.
463 1559 576 1637 (Deest
590 1557 682 1620 Ctorr·
694 1563 871 1632 canticum.)

292 1742 434 1820 cumo,
447 1743 704 1820 nruncnarus,
718 1745 924 1806 sscuunos
938 1745 1065 1821 iovis,
1080 1745 1350 1821 cunnmrnus,

439 1859 444 1866 ’
658 1875 974 1954 unuscuouus

317 2033 410 2093 CAR.
424 2034 497 2102 Quis
510 2041 564 2110 est,
579 2034 628 2108 qui
642 2035 843 2107 pultatsores?
862 2035 930 2107 quid
941 2036 996 2092 boc
1009 2034 1071 2092 est?
1092 2040 1229 2104 nemo,nt
1239 2033 1364 2104 ridetur,

277 2118 389 2188 pultat:
414 2119 461 2174 sed
476 2118 608 2173 nimirum
622 2119 757 2175 ostiolum
771 2119 811 2173 sic
823 2124 929 2172 temere
941 2119 1036 2174 sonitu
1049 2116 1128 2174 edito
1142 2118 1237 2190 gemit.

315 2195 440 2253 Music.
456 2197 534 2264 Tibi,
549 2199 599 2253 tibi
615 2198 732 2269 iuquam
743 2198 820 2262 dico,
832 2196 931 2265 Cario,
943 2199 1048 2253 resiste.

314 2275 411 2332 CAR.
426 2274 499 2340 Eho,
513 2277 559 2332 dic
569 2276 648 2350 mibi,
663 2285 732 2333 tune
744 2277 821 2333 iores
835 2278 966 2348 pultabas
979 2285 1035 2334 tam
1045 2277 1197 2351 improbe?
1369 2343 1374 2350 Ι

314 2354 443 2413 MuRc.
456 2355 525 2414 Non
539 2357 645 2429 berete,
656 2359 704 2414 sed
715 2356 775 2430 jam
798 2358 960 2430 pultnturus
973 2378 1070 2415 eram:
1092 2360 1192 2416 deinde
1212 2358 1364 2428 occupasti

275 2437 397 2509 aperire.
430 2437 485 2493 Sed
499 2438 642 2493 curriculo
664 2455 749 2494 curre
761 2443 791 2494 et
812 2457 899 2494 eruca
917 2441 973 2496 buc
996 2441 1106 2511 berum,
1121 2439 1223 2494 deindo
1241 2455 1362 2493 uxorem

273 2517 336 2590 ejus
349 2523 379 2572 et
392 2518 508 2590 liberos,
521 2518 623 2574 deinde
636 2524 665 2575 et
677 2519 811 2593 famulos,
827 2519 1043 2593 deiuderaucm‚
1052 2521 1153 2577 deinde
1164 2529 1192 2576 te
1201 2518 1361 2592 ipsum,de-

272 2597 338 2654 iudc
353 2616 483 2670 porcum.

312 2677 405 2736 CAR
424 2677 479 2736 Dic
492 2682 570 2748 mibi,
586 2682 654 2754 quid
668 2680 735 2739 esti

312 2757 438 2817 MERC.
454 2759 582 2836 Jupiter,
598 2764 617 2820 d
631 2765 798 2838 miserrime,
813 2764 875 2819 ruit
891 2762 921 2818 in
935 2763 1034 2820 eodem
1047 2779 1098 2822 vos
1111 2761 1276 2818 commistos
1288 2761 1359 2816 cati-

272 2859 312 2899 no
325 2844 471 2900 universos
484 2843 513 2898 in
524 2845 695 2902 Barathrnm
709 2845 853 2916 injicere·

313 2921 407 2980 CAR.
430 2920 594 2979 Istiusmodi
606 2942 697 2980 rerum
709 2925 919 2998 nuntiolingnu
926 2924 1073 2981 exciditur.
1114 2920 1169 2979 Sed
1178 2939 1232 2979 cnr
1245 2922 1357 2978 tandem

268 3002 329 3060 baec
343 3003 437 3060 iacere
449 3005 558 3077 cogitat
569 3003 673 3060 nobis?

310 3081 437 3140 MERC.
461 3081 537 3151 Quia
549 3084 661 3141 facinus
672 3086 865 3159 gravissimum
879 3083 1022 3158 patrastis.
1049 3083 1096 3141 Ex
1108 3085 1251 3157 quoruim
1263 3084 1357 3139 denuo

269 3163 359 3236 coepit
372 3164 465 3220 videre
479 3161 589 3238 Plutus,
605 3184 688 3222 neruo
699 3185 752 3222 uec
763 3167 839 3236 thus,
853 3184 907 3222 nec
920 3168 1041 3238 taurum,
1054 3185 1107 3223 nec
1118 3164 1222 3240 libum,
1236 3167 1355 3222 neeric·

272 3245 380 3312 timam,
396 3261 449 3300 uec
462 3243 540 3301 aliud
554 3248 703 3319 quicquum
717 3249 802 3304 nobis
815 3247 870 3303 diis
880 3246 1029 3302 sacrificat.

312 3321 406 3383 CAR.
429 3323 498 3382 Nou
512 3327 608 3385 hercle
624 3348 634 3400 3
655 3346 747 3402 neque
755 3327 937 3384 sacrificabit.
964 3327 1045 3384 Mala
1057 3327 1131 3384 cuim
1145 3329 1237 3384 nostri
1255 3343 1351 3384 curam

266 3407 406 3479 gerebatis
419 3411 499 3464 tunc.

309 3485 439 3546 MERG.
462 3487 509 3548 De
520 3489 619 3548 ceteris
632 3490 746 3562 quidem
761 3488 813 3546 diis
826 3489 921 3546 miuus
932 3488 1015 3546 anxie
1027 3489 1149 3546 laboro:
1171 3492 1203 3543 at
1214 3505 1270 3562 ego
1283 3487 1352 3561 perii

268 3574 298 3625 et
311 3569 413 3625 interii.

308 3649 401 3707 CAR.
423 3649 515 3709 Recte
527 3651 612 3725 sapis.

275 3769 293 3781 ψ
308 3729 434 3789 Mune.
459 3733 551 3790 Antea
563 3734 636 3790 euim
649 3734 727 3805 apud
736 3749 882 3807 cauponas
895 3748 980 3788 mane
1000 3731 1094 3788 statim
1107 3729 1247 3786 habebam
1261 3729 1349 3785 omnis
1418 3770 1419 3775 κ

266 3815 375 3885 generis
388 3813 524 3880 lautitias,
540 3815 624 3871 offam
638 3815 706 3871 rino
720 3816 878 3885 subactam,
892 3814 958 3880 mei,
971 3814 1088 3886 caricas,
1103 3827 1282 3884 quecunque
1299 3829 1351 3883 par

266 3901 310 3950 est
322 3893 500 3953 Mercurium
513 3896 617 3953 edere:
640 3912 716 3952 nunc
728 3903 824 3952 antem
839 3897 976 3965 esuriens,
990 3911 1102 3951 sursum
1116 3895 1258 3966 porrectis
1272 3892 1349 3963 pedi.

265 3975 331 4049 bns,
346 3978 502 4048 requiesco.
1136 3978 1142 3982 ’

307 4057 401 4114 CAR.
423 4057 529 4116 Nonne
542 4075 611 4114 vero
624 4058 739 4130 merito,
750 4057 844 4129 utqui
856 4057 961 4114 damno
975 4071 1117 4127 cauponas
1129 4053 1274 4110 mactabas
1285 4054 1346 4108 snb-

264 4138 345 4204 inde,
358 4155 444 4212 quum
458 4145 551 4196 tamen
564 4138 720 4196 istiusmodi
734 4139 811 4195 bona
823 4140 860 4194 ab
873 4139 927 4195 illis
940 4138 1078 4193 baberet?

305 4216 446 4334 Mutae..
455 4218 521 4276 Heu
534 4220 617 4276 miser
627 4218 702 4294 ego!
733 4220 787 4278 heu
801 4222 959 4294 placentam
979 4223 1084 4291 quarto
1098 4215 1222 4290 cujusvis
1246 4212 1345 4270 mensis

263 4301 309 4360 die
322 4302 424 4377 pistan
439 4339 446 4354 .
