2875 4984
247 367 310 429 1⁹2
646 352 1026 419 ARISTOPHANIS

248 522 280 583 in
301 528 380 581 terra
391 516 584 578 defoderunt:
611 517 716 576 etenim
739 536 804 576 arcs
826 516 883 575 hoc
908 514 1012 585 sciunt.
1056 510 1217 574 Proverbio
1244 517 1370 593 qnippe

250 604 330 678 apud
343 620 439 661 omnes
453 602 565 659 ferturt
594 595 689 658 Nemo
700 600 874 658 thesaurum
889 618 983 655 meum
998 599 1091 673 novit,
1102 600 1262 674 oisiforte
1278 619 1364 677 quae.

254 687 323 745 dom
337 687 412 742 uois.

294 761 414 825 EUEL.
435 761 559 821 Gaulum
573 762 678 835 vendo,
691 762 814 837 ligonem
829 777 902 833 cmo,
911 758 1088 835 ,hydriasque
1102 760 1219 817 effodio.

297 845 356 905 ΕΡ.
380 847 424 902 At
431 863 489 919 quo
499 851 587 920 pacto
597 846 745 922 sanitatem
757 844 824 917 ipsis
842 841 1021 915 praebebunt,
1037 858 1100 913 quae
1116 842 1190 913 apud
1204 841 1277 898 deos
1291 840 1360 899 est?

297 926 429 986 PISTH.
450 925 478 985 Si
501 924 632 983 secundis
647 922 746 979 virent
769 924 799 979 in
815 923 911 995 rebus,
926 940 1024 979 nonne
1037 922 1087 979 illa
1101 928 1144 979 est
1158 940 1264 997 magna
1278 923 1360 979 sani.

255 1006 327 1067 tas?
350 1006 433 1065 lstuc
447 1024 502 1082 pro
515 1011 596 1063 certo
610 1005 725 1078 habeas,
740 1003 884 1062 bominem
900 1004 950 1075 qui
970 1002 1089 1060 adversa
1102 1009 1199 1060 utatur
1219 1003 1360 1078 fortuna,

258 1089 399 1149 neminem
417 1106 533 1162 prorsus
548 1103 649 1142 sanum
663 1103 733 1142 esse.
1020 1085 1024 1093 ’

301 1167 362 1227 ΕΡ.
382 1169 424 1225 At
437 1186 495 1240 quo
508 1167 623 1226 tandem
638 1167 725 1224 modo
742 1166 778 1223 ad
798 1168 939 1222 senectam
953 1164 1141 1239 pervenient?
1173 1162 1293 1222 Etenim
1308 1165 1361 1221 illa

261 1269 380 1325 quoque
393 1251 478 1307 estin
492 1246 643 1324 Olympo:
664 1266 785 1305 ansero
798 1247 828 1305 in
843 1244 999 1320 puerilibus
1013 1245 1096 1303 aunis
1107 1246 1182 1303 mori
1196 1264 1245 1303 eos
1265 1263 1359 1320 opor·

281 1408 432 1470 visun.
458 1409 584 1469 Tantum
606 1410 702 1469 hercle
726 1409 818 1485 abest,
835 1412 868 1465 ut
892 1412 1034 1467 trecentos
1056 1406 1124 1483 ipsis
1145 1406 1275 1465 addituri
1299 1408 1361 1467 sint

161 1520 165 1525 ’
241 1511 246 1519 ’
264 1510 330 1552 ssed
344 1510 449 1551 annos.

304 1574 365 1634 ΕΡ.
387 1574 415 1632 A
452 1572 511 1632 uo?

305 1594 449 1714 ΡΙὸΤΗΡ1
460 1650 599 1729 Rogitas?
621 1668 681 1708 ese
700 1651 779 1726 ipsis.
821 1648 939 1709 Nescin’
954 1650 1083 1725 quinque
1095 1650 1242 1709 bominum
1255 1655 1358 1711 aetates

266 1736 365 1796 'slvere
378 1736 526 1793 stridulam
541 1729 704 1791 cornicem?

308 1814 428 1873 EUEL.
451 1814 536 1887 Papae
549 1814 561 1870 i
576 1820 684 1887 quanto
698 1816 815 1885 praestat
824 1812 877 1870 bos
887 1812 970 1869 nobis
979 1812 1131 1888 imperare,
1141 1832 1221 1887 quarn
1228 1810 1332 1871 Jorem
1347 1813 1357 1872 l

307 1894 437 1955 PlSTll.
459 1894 569 1963 Quidni
590 1892 704 1951 multo?
736 1891 927 1950 Primumdum
948 1894 1016 1951 fena
1030 1912 1082 1949 nus
1096 1894 1129 1951 iis
1141 1894 1280 1953 edificare
1294 1914 1358 1951 non

266 1978 417 2051 oportebit
430 1978 552 2051 lapidea,
568 1993 658 2047 neque
672 1980 769 2048 portes
783 1975 930 2032 adstruere
943 1975 1084 2031 deauratis
1108 1976 1232 2033 tabulis:
1254 1995 1359 2033 verum

264 2060 323 2116 sub
336 2058 486 2116 fruticibus
500 2064 530 2115 et
542 2056 655 2115 ilicibus
668 2056 860 2113 habitabunt:
886 2057 1051 2114 venerandis
1064 2063 1154 2113 autem
1169 2058 1268 2114 avibus
1283 2064 1357 2115 tem-

268 2141 350 2213 plum
363 2142 418 2197 erit
430 2143 517 2197 arbor
531 2140 624 2195 olivae.
665 2136 767 2210 Neque
788 2136 927 2211 Delphos,
940 2155 993 2195 nec
1007 2136 1042 2193 ad
1064 2137 1234 2195 Ammonem
1255 2138 1325 2209 prof
1343 2176 1359 2191 .

270 2220 393 2290 eti‚illic
406 2238 487 2277 sacra
505 2220 658 2282 faciemus:
680 2235 780 2273 rerum
800 2218 875 2274 inter
896 2217 1015 2274 arbutos
1036 2225 1066 2274 et
1086 2220 1223 2277 oleastros
1237 2226 1358 2293 stantes,

267 2300 434 2372 hordeaque
448 2300 626 2373 porrigentes
646 2301 675 2352 et
695 2297 832 2369 triticum,
852 2299 1038 2373 precabimur
1058 2316 1105 2356 eas
1118 2302 1241 2357 extensis
1265 2302 1359 2356 meni-

271 2380 338 2454 bus,
353 2380 475 2452 aliquem
489 2380 615 2435 utnobis
629 2376 773 2433 bonorum
788 2385 898 2451 partem
919 2380 1096 2455 largianturs
1118 2388 1205 2453 atque
1218 2382 1279 2441 baec
1300 2399 1359 2437 no.

271 2462 316 2518 bis
328 2460 479 2516 confestim
492 2464 578 2516 erunt
593 2456 750 2533 pauxillum
765 2458 853 2515 tritici
867 2460 1092 2536 porricieutlbus.

314 2537 437 2599 CHOR.
460 2538 487 2597 0
502 2556 601 2613 senex,
616 2536 666 2610 qui
679 2538 748 2595 mihi
762 2540 853 2596 multo
873 2542 1050 2599 amicissimus
1065 2559 1101 2598 ex
1122 2538 1312 2601 inimicissimo
1326 2562 1360 2601 es

271 2620 376 2694 factus,
392 2639 538 2694 nunqnam
552 2620 616 2691 erit,
631 2625 663 2676 ut
682 2638 736 2693 ego
749 2626 853 2695 sponte
867 2640 929 2679 mea
949 2639 966 2678 a
983 2627 1031 2677 tua
1043 2624 1182 2679 sententia
1203 2625 1356 2685 discedam.

273 2700 408 2775 Namque
423 2708 473 2760 tna
485 2709 593 2759 erectus
608 2700 750 2773 oratione,
762 2703 948 2761 comminatus
962 2712 1060 2759 sumet
1072 2702 1212 2779 adjurari,
1221 2708 1244 2763 si
1254 2712 1284 2763 tu
1296 2726 1358 2764 me·
1411 2760 1412 2779 p

273 2800 340 2841 enm
353 2790 452 2857 pactus
465 2783 650 2841 concordibus
664 2783 756 2839 serbis
767 2787 796 2841 et
805 2781 902 2857 justis,
911 2785 969 2843 sine
979 2783 1079 2840 fraude
1090 2792 1244 2858 sancteque
1254 2805 1360 2845 conce-

271 2866 342 2939 ptis,
355 2864 439 2923 iveris
447 2866 580 2922 adversus
593 2863 661 2919 deos
673 2880 782 2919 mecum
793 2866 982 2935 consentiens,
996 2863 1068 2931 fore,
1080 2872 1110 2922 ut
1120 2885 1178 2923 non
1187 2868 1273 2941 longo
1284 2876 1358 2925 tem.

272 2964 347 3020 pore
358 2946 398 3002 dii
420 2945 553 3019 deinceps
575 2949 689 3015 sceptra
711 2960 773 2999 mee
795 2949 900 3002 terant.
941 2944 983 3001 At
997 2962 1059 3016 qnae
1081 2947 1188 3004 viribus
1211 2950 1358 3007 efficienda

273 3031 370 3094 erunt,
385 3025 514 3082 eanobis
523 3024 716 3081 mandentur:
743 3043 806 3097 que
821 3033 916 3085 antem
931 3027 1052 3084 coasilio
1072 3035 1140 3084 sunt
1160 3029 1358 3089 administren·
1411 3054 1412 3103 r

274 3106 321 3174 dc,
337 3105 388 3163 illa
401 3104 453 3162 tibi
467 3108 560 3163 omnin
573 3104 795 3162 concredentur.
989 3160 992 3165 ,
1411 3118 1412 3141 ³

315 3182 376 3243 ΕΡ.
396 3186 486 3261 Atqui
499 3186 639 3243 mehercle
651 3185 728 3243 baud
747 3186 918 3244 dormitandi
941 3188 1062 3261 amplius
1077 3192 1187 3261 tempus
1199 3191 1279 3247 nobis
1303 3197 1358 3263 est,
1411 3178 1412 3255 l

274 3282 368 3338 neque
381 3267 506 3325 cessandi
520 3265 611 3324 Niciae
624 3284 726 3336 more3
749 3268 796 3324 scd
810 3286 894 3341 quam
908 3268 1035 3326 ocissime
1048 3269 1156 3342 aliquid
1185 3271 1359 3331 efficiendum
1411 3258 1412 3299 t

275 3350 329 3402 est.
370 3344 469 3405 Primo
482 3354 576 3404 autem
587 3348 767 3421 ingredimini
776 3348 804 3404 in
819 3349 916 3406 nidum
930 3367 1034 3421 meum,
1043 3356 1073 3407 et
1085 3351 1122 3406 ad
1135 3352 1256 3410 festucas
1269 3372 1356 3430 mens,

274 3428 312 3484 ed
326 3430 477 3500 praesentia
489 3435 648 3486 sarmenta:
671 3431 812 3502 nobisque
825 3446 928 3486 nomen
943 3431 1018 3487 edite
1031 3438 1167 3488 restrum.

316 3506 446 3566 PISTH.
467 3510 557 3583 Atqui
571 3509 626 3566 hoc
638 3509 722 3565 facile
736 3516 797 3567 est:
820 3509 890 3567 mibi
902 3528 1006 3570 nomen
1020 3516 1063 3571 est
1076 3504 1253 3574 Pisthetaero.

315 3588 375 3647 ΕΡ.
395 3589 468 3648 Huic
480 3597 576 3647 autem
588 3590 729 3661 quodnam
744 3588 755 3646 t

252 3700 261 3723 r
313 3668 442 3729 PISTH.
463 3664 616 3746 Euelpides
628 3669 786 3729 Thriensis.
1411 3678 1412 3739 l

315 3749 378 3808 ΕΡ.
399 3750 448 3809 Ita
459 3752 576 3809 valeatis
586 3752 684 3808 ambo.
1411 3740 1412 3817 l

314 3830 441 3889 PISTH.
462 3832 625 3906 Accipimus
635 3851 732 3889 omen.
1080 3850 1087 3871 f
1411 3820 1412 3873 l

314 3909 375 3967 ΕΡ.
397 3910 462 3970 Huc
475 3914 561 3987 igitur
574 3913 762 3987 ingredimini.

312 3988 444 4127 ζξΤΗ.
465 3992 586 4052 &must
608 4000 639 4050 tn
653 4012 705 4055 nos
718 3996 864 4053 introduc.
1411 4014 1412 4029 ³

293 4104 298 4113 ι
369 4074 425 4128 .Λ
447 4091 473 4131 e.

314 4092 447 4212 Plssflg.
466 4154 550 4230 Atat,
564 4154 654 4231 periit
686 4155 745 4215 buc
764 4160 904 4217 retrorsus
916 4157 1033 4232 gradum
1049 4158 1140 4219 flecte.
1183 4159 1247 4238 Age
1259 4162 1350 4241 sciam,
