2875 4984
330 786 889 881 ARISTOPHANIS

399 1054 795 1141 ACHARNENSES.

444 1358 733 1395 a*

115 1593 401 1677 nlcAEOPoL1S,
422 1596 581 1678 PRAECO,
601 1590 879 1676 autmundus,
901 1591 1060 1658 tuum

209 1730 429 1813 Athenienses,
443 1730 774 1811 PSEUDARTABAS,
787 1692 995 1808 THEORUS,

506 1861 680 1926 CHORUS.

82 2066 169 2130 mc.
193 2051 318 2161 Quin
330 2073 586 2147 molieruntque
600 2071 668 2131 mihi
680 2085 733 2130 cor
744 2068 974 2129 momorderunt!
989 2066 1063 2139 Qua
1073 2086 1143 2131 roro

45 2164 89 2207 mo
102 2152 307 2227 delectarunt,
322 2170 422 2228 panca,
438 2170 591 2227 perpauca,
606 2160 726 2228 quatuor
736 2152 860 2209 omniuo.
888 2153 931 2208 At
943 2168 1006 2223 quae
1020 2170 1065 2209 me
1075 2166 1143 2209 cru.

47 2232 176 2306 cierunt,
191 2240 244 2293 tot
256 2241 333 2307 snut,
349 2240 420 2307 quot
431 2234 495 2291 fitns
505 2252 615 2308 uenas,
629 2240 658 2293 ot
675 2239 749 2308 quot
759 2230 890 2307 Gargara
908 2236 1014 2305 segetes
1027 2232 1144 2291 habmt.

47 2308 110 2385 Age
122 2314 256 2388 videam,
265 2316 335 2389 qnid
344 2333 388 2373 me
400 2314 562 2388 delectarit,
571 2316 610 2373 ob
624 2314 701 2389 quod
714 2313 816 2372 merito
828 2314 934 2387 gauisus
947 2310 1058 2371 fuerim.
1078 2309 1146 2371 Scio

49 2392 196 2469 equidem,
213 2412 339 2469 quanam
360 2412 393 2453 re
412 2395 471 2451 risa
492 2412 543 2453 cor
563 2414 653 2453 meum
667 2397 787 2453 maxime
797 2394 982 2451 exhilaratum
1000 2393 1067 2468 fuit,
1088 2392 1148 2451 illis

53 2473 191 2533 nimirum
206 2477 335 2549 quinquo
347 2476 471 2547 talentis,
486 2494 549 2549 quae
564 2477 635 2536 Cleo
649 2477 784 2535 evomuit.
804 2473 921 2542 Quanto
941 2474 980 2531 ob
999 2475 1073 2531 hanc
1086 2490 1148 2532 rem

50 2553 194 2612 delibutus
208 2558 255 2613 fni
268 2554 390 2631 gaudio!
412 2562 442 2613 et
454 2554 568 2628 Equites
581 2558 680 2615 deamo
697 2558 737 2614 ob
748 2558 819 2613 istuc
830 2556 948 2627 facturn,
963 2572 1021 2625 qno
1035 2554 1149 2627 quidem

52 2628 170 2695 Gracia
181 2636 305 2711 juratur
317 2634 419 2695 omnis.
461 2636 514 2695 Sed
528 2644 629 2694 contra
642 2636 719 2693 atiud
736 2653 782 2693 me
793 2634 967 2692 excruciavit
978 2635 1073 2707 animi,
1089 2642 1148 2692 trs·

54 2714 148 2784 girum
175 2716 324 2791 quiddam,
345 2734 440 2789 quum,
461 2723 613 2789 postquam.
631 2716 738 2774 dndnm
761 2732 812 2772 oro
830 2716 925 2771 haute
945 2718 1150 2788 exspectassem

57 2791 244 2875 AEschylum,
268 2816 365 2873 praeoo
386 2798 444 2854 afta
466 2815 536 2856 voca
559 2798 649 2854 dixitr
673 2792 825 2867 Introduc,
848 2793 866 2850 ὀ
890 2791 1048 2871 moguir,
1067 2804 1150 2853 tunm

56 2874 192 2935 odorum.
238 2876 331 2946 Quam
345 2878 425 2935 udde
439 2885 521 2951 putas
534 2877 562 2935 id
573 2894 664 2935 meum
681 2895 732 2935 cor
745 2873 939 2934 concussisse?
960 2874 1009 2932 sed
1022 2874 1061 2931 ob
1075 2874 1153 2933 alind

58 2956 195 3023 quiddam
221 2958 375 3030 aliqnando
394 2959 547 3016 delectatus
570 2959 624 3029 fui,
643 2976 731 3031 quum
757 2954 912 3013 Derithens
939 2956 1080 3032 ingressus
1109 2960 1154 3015 est

59 3036 150 3095 ritulo
173 3045 347 3110 certaturus,
368 3037 524 3109 fidibusque
550 3044 713 3097 cantaturus
739 3036 891 3095 Boeotium.
932 3036 973 3094 At
1000 3036 1057 3094 hoc
1076 3053 1155 3094 anuo

61 3115 150 3174 taedio
171 3126 290 3177 enectus
317 3117 370 3191 fui,
397 3125 427 3176 et
457 3119 523 3176 urihi
553 3120 667 3177 distorsi
687 3120 804 3191 collum,
830 3135 915 3193 quum
942 3117 1049 3193 prodiit
1071 3114 1155 3175 Chae.

64 3195 113 3269 ris,
127 3204 164 3257 ut
178 3198 315 3257 Orthium
330 3200 443 3257 modum
458 3198 530 3255 tibia
551 3206 674 3257 caneret.
715 3196 824 3256 Verum
837 3217 872 3256 ex
898 3216 957 3271 quo
982 3200 1012 3258 iu
1035 3198 1155 3256 balineis

63 3292 107 3333 mc
128 3278 265 3337 sordibus
289 3281 401 3353 purgari
423 3298 504 3355 curo,
519 3298 664 3353 nunqnam
684 3280 838 3353 supercilia
859 3298 921 3337 mea
940 3279 981 3338 sic
1000 3279 1156 3337 momordit

63 3354 209 3433 lixivium,
223 3367 254 3415 ut
274 3377 363 3433 nunc,
379 3378 463 3431 quum
479 3368 606 3433 tempore
626 3360 754 3435 legitimas
773 3362 918 3417 concionis
930 3360 1090 3435 matutinae,
1106 3362 1157 3418 do·

66 3445 143 3497 serta
159 3448 205 3499 est
219 3438 304 3514 Pnyx
317 3440 420 3497 hacce.
465 3440 557 3497 Atilii
571 3442 793 3498 confabulantur
804 3442 833 3497 in
851 3440 929 3511 foro,
943 3445 972 3496 et
984 3456 1093 3496 sursum
1106 3442 1156 3497 de·

67 3535 165 3577 orsum
179 3521 302 3595 fugitant
316 3522 429 3576 rubrica
442 3522 560 3578 tinctum
572 3520 676 3578 funem.
719 3520 783 3578 Nec
797 3520 1073 3597 Prytancsreninnt.
1101 3518 1157 3577 Sed

32 3632 35 3639 ·
70 3600 120 3655 nbi
134 3601 249 3659 tandem
264 3618 328 3657 sero
341 3602 518 3675 advenerint,
531 3608 591 3657 tum
604 3602 704 3659 mirum
718 3601 749 3657 in
761 3602 876 3658 modum
890 3620 948 3659 sese
960 3601 1079 3657 invicem
1093 3605 1156 3655 tru-

68 3676 149 3753 dent,
171 3681 321 3739 confestim
349 3682 523 3755 ingfueutes,
547 3690 762 3751 concurrentes,
785 3688 980 3754 certantesque
1003 3681 1038 3737 de
1063 3682 1157 3755 primo

70 3762 216 3819 subsellio.
258 3758 317 3817 Pax
336 3769 430 3818 antem
443 3780 502 3835 qun
524 3768 610 3835 pacto
627 3762 687 3831 fiat,
702 3763 772 3819 nihil
792 3765 872 3835 pensi
891 3764 1014 3830 habeut:
1039 3760 1158 3833 orirer,

75 3840 169 3899 cives!
198 3842 240 3898 At
259 3860 313 3916 ogo
330 3860 441 3915 sempor
457 3842 562 3915 primus
583 3840 791 3900 inconcinnum
805 3844 918 3901 veniens
933 3844 1036 3900 sedeo:
1057 3841 1159 3899 deindo

72 3937 161 3989 quum
173 3922 219 3980 hic
229 3923 306 3979 solus
319 3939 392 3997 sum,
408 3921 571 3995 ingemisco,
587 3923 677 3996 hieto,
692 3923 870 3999 pandicnlor,
885 3924 971 3997 pedo,
986 3920 1086 3979 dubius
1100 3923 1160 3979 hae·

74 4000 141 4075 titn,
156 4004 260 4059 baculo
272 4004 363 4059 solum
384 4002 579 4072 conscribilfo,
594 4004 666 4076 pilos
680 4005 747 4059 mihi
761 4005 862 4075 evello,
876 4010 1022 4076 computo,
1033 4021 1080 4059 rus
1093 4021 1160 4077 spe.

77 4086 169 4154 ctnns,
184 4086 260 4155 pacis
276 4084 403 4157 cupidus,
420 4086 517 4140 urbem
532 4101 645 4157 exosus,
663 4102 767 4157 pagum
778 4090 870 4140 autem
884 4102 974 4140 meum
989 4084 1160 4157 desiderans,

79 4163 127 4229 qui
148 4164 215 4219 mihi
235 4180 380 4236 nunquam
400 4164 479 4232 dixit,
500 4159 651 4222 Carbones·
671 4183 742 4236 eme,
765 4182 817 4222 nec
831 4172 954 4237 acetum,
970 4182 1022 4221 nec
1043 4166 1159 4233 oleum

76 4257 129 4296 nuc
143 4250 226 4301 ruorat
239 4245 309 4300 illud
323 4263 393 4301 cmc.
435 4242 487 4303 Sed
507 4246 567 4317 ipse
580 4246 674 4300 omnin
686 4245 807 4319 ferebat,
823 4252 852 4300 et
870 4247 969 4303 aberat
985 4246 1072 4315 istud,
1086 4243 1161 4315 quod

80 4322 147 4379 nihi
162 4341 212 4385 cor
225 4326 354 4401 dissecat,
369 4342 440 4382 eme.
482 4322 512 4382 N
517 4343 571 4381 nnc
584 4324 680 4397 itaque
695 4326 794 4383 adveni
807 4328 890 4400 plane
900 4333 1014 4401 paratus
1028 4328 1161 4400 clamare,
