2875 4984
510 240 745 312 ‘Pennus
902 217 906 222 ’
1104 255 1160 312 ru

101 391 183 461 AD.
208 401 321 465 Salvere
331 394 432 480 juisse.

101 481 189 544 AN.
212 485 289 554 Quid
303 487 364 546 ait?

102 563 184 621 AD.
209 570 311 628 Amica
324 575 415 637 retus,
430 567 559 628 celeriter
571 585 639 627 sane
651 565 816 641 incendisti,
830 568 934 626 coelnm
947 570 1048 628 testor.

99 643 186 704 AN.
210 647 317 707 Misera
330 669 395 726 ego,
410 657 515 726 quanta
525 651 698 708 contumelia
710 643 847 707 adficior!

100 722 277 790 CHREM.
299 733 327 788 A
339 735 431 789 multo
444 740 573 806 tempore
587 737 686 789 tenen
699 731 811 787 videtur
824 732 933 790 vidisse.

102 806 189 866 AN.
212 808 329 877 Quanto
344 819 483 887 tempore,
497 815 592 884 miser,
607 814 657 886 qui
669 812 730 870 heri
744 813 819 886 apud
834 809 1001 870 metuerit?

102 884 273 947 CHREM.
297 891 373 968 Ergo
394 901 495 953 contre
519 895 546 952 ei
563 896 667 968 evenit,
686 901 774 967 etque
794 891 857 950 eliis
876 895 1036 970 plerisque:
1065 889 1162 950 ebrius

59 969 158 1040 enim,
179 980 212 1027 ut
226 984 357 1047 apparet,
371 978 480 1033 acutius
494 977 594 1033 cernit.

104 1049 192 1107 AN.
214 1052 353 1112 Minime:
376 1058 424 1113 sed
438 1075 548 1131 semper
560 1055 756 1128 incompositis
769 1053 827 1112 snit
839 1054 973 1112 moribus.

80 1210 87 1223 ·
107 1131 198 1268 Ath.
220 1131 247 1254 D
262 1153 312 1194 rex
325 1139 409 1194 maris
421 1136 566 1212 Neptune,
579 1144 608 1194 et
618 1137 657 1193 dii
665 1137 776 1209 seniles,
787 1142 927 1210 qnantum
938 1153 1070 1211 rugarum
1082 1134 1165 1194 iota.

61 1229 108 1267 cre
148 1232 168 1268 a
191 1222 240 1272 et.

107 1293 191 1352 AN.
214 1297 274 1369 Ah,
289 1298 323 1353 alu
337 1297 344 1356 !
361 1300 451 1357 lacem
465 1297 582 1356 mihine
594 1299 723 1356 admove.

108 1371 274 1438 CHREM.
298 1379 387 1438 llecte
400 1399 466 1438 sane
479 1387 613 1438 autumat.
655 1379 683 1436 Si
697 1381 770 1436 enim
785 1380 874 1452 ipsam
887 1379 934 1436 vel
949 1379 1032 1450 unica
1041 1377 1165 1438 scintilla

63 1455 216 1530 attigerit,
233 1466 366 1533 tanquam
381 1470 521 1519 vetustum
536 1464 605 1520 oleae
620 1479 729 1518 ramum
744 1479 805 1519 eam
819 1461 977 1520 comburet.

108 1535 186 1595 AD.
209 1536 277 1596 Vin’
291 1542 493 1616 aliquantisper
506 1561 615 1602 mecum
626 1540 743 1600 ludere?

110 1617 189 1676 AN.
213 1617 349 1694 Ubinam,
363 1624 466 1682 miser?

111 1697 186 1754 AD.
209 1698 290 1778 Istic,
306 1706 404 1760 sumtis
419 1704 547 1763 nucibus.

110 1777 190 1836 AN.
212 1779 369 1848 Quemnam
382 1785 476 1842 ludum
489 1784 500 1842 ἓ

111 1859 187 1916 AD.
209 1860 288 1928 Quot
301 1864 386 1922 habes
399 1863 520 1924 dentes?

113 1939 278 2077 ffllREM.
301 1946 344 2002 At
357 1965 527 2021 cognoscam
547 1965 601 2021 ego
614 1945 719 2004 etiam:
743 1945 831 2002 habet
853 1942 928 2000 enim
953 1949 1010 2003 tres
1029 1946 1161 2026 tortasse,

70 2030 108 2075 stu
142 2031 275 2093 quatuor.

114 2101 186 2159 AD.
208 2103 310 2164 sones
332 2121 396 2163 narn
411 2108 525 2164 unicum
539 2112 648 2163 tantum
661 2106 796 2161 molarem
809 2102 905 2161 habel.

115 2181 192 2242 AN.
216 2184 309 2244 Homo
322 2187 494 2246 miserrime!
517 2204 576 2243 non
586 2187 655 2244 mihi
664 2186 766 2243 videris
776 2202 835 2242 esse
845 2203 921 2242 sanae
930 2187 1042 2259 mentis,
1055 2189 1102 2263 qni
1115 2209 1166 2250 co·

71 2274 135 2320 ram
155 2271 200 2322 tot
214 2268 280 2325 viris
293 2287 337 2326 nse
349 2271 483 2327 conviciis
495 2269 653 2342 perfundis.

115 2343 188 2404 AD.
211 2345 349 2420 Equidem
362 2352 415 2407 tibi
429 2351 586 2423 prodesset,
602 2349 697 2421 siquis
710 2353 740 2404 te
754 2347 845 2404 calida
855 2346 1049 2421 perfunderet.

116 2424 276 2487 CHREM.
298 2430 367 2487 Non
381 2451 457 2504 sans,
471 2432 539 2504 quia
552 2448 628 2487 nunc
640 2430 808 2504 mangonice
821 2446 881 2488 sese
894 2429 1002 2488 habet:
1025 2434 1068 2489 sin
1082 2433 1164 2492 ablu.

72 2511 144 2562 ntur
160 2509 214 2566 ista
227 2527 349 2582 cerussa,
365 2515 470 2571 videbis
482 2512 634 2570 manifesto
646 2511 730 2568 faciei
744 2527 839 2583 rugas.

115 2587 192 2646 AN.
213 2591 308 2658 Quum
323 2593 360 2650 sis
375 2593 461 2653 homo
474 2611 570 2664 senex,
584 2595 696 2662 deliras,
713 2593 755 2646 uti
771 2592 864 2647 video.

113 2668 185 2727 AD.
207 2671 338 2731 Fortasse
351 2682 473 2733 attentat
495 2683 535 2750 te,
550 2681 579 2731 et
593 2673 712 2746 papillas
728 2673 891 2728 contrectat
911 2675 985 2748 tuas,
1001 2675 1164 2735 existimans

71 2747 137 2807 haec
153 2769 182 2808 se
196 2755 266 2810 clam
280 2773 324 2812 me
337 2755 438 2813 locere.

115 2831 189 2890 AN,
211 2832 280 2892 Non
294 2854 369 2893 meas
383 2839 507 2910 quidem,
517 2853 577 2892 non
585 2835 711 2907 inquam,
722 2833 851 2903 sceleste,
863 2830 904 2886 ita
915 2849 960 2888 me
970 2829 1070 2893 Venus
1080 2843 1163 2896 amet.

114 2910 274 2973 CHREM.
296 2914 452 2990 Nonsane‚
467 2918 507 2974 ita
530 2918 597 2973 mihi
619 2914 729 2972 Hecate
756 2910 883 2988 propitia
899 2909 956 2970 sit:
977 2933 1043 2972 nam
1064 2919 1164 2990 utique

72 2993 238 3053 insanirem.
280 2994 388 3055 Verum
403 3007 508 3074 tamem
523 2997 542 3056 ὂ
556 2997 730 3066 adolescens,
744 3012 804 3053 non
817 2994 907 3052 sinan
926 2995 1164 3058 adolescentulam

74 3083 108 3131 ut
123 3077 195 3132 odio
208 3078 310 3136 habeas
324 3081 414 3137 istam.

113 3155 183 3213 AD.
207 3157 269 3233 Ego
285 3179 354 3218 roro
369 3179 429 3218 eam
443 3157 565 3216 etilietim
580 3177 653 3216 amo.

116 3233 277 3297 CHREM.
300 3243 391 3315 Atqui
401 3249 429 3298 te
442 3247 568 3300 accusat.

113 3317 183 3377 AD.
206 3318 273 3388 Qua
285 3323 321 3380 de
334 3342 365 3380 re
377 3325 512 3381 accuset?

113 3395 272 3460 clinum.
296 3404 346 3462 Ait
360 3411 388 3462 te
407 3405 583 3478 petulantem
601 3420 661 3461 esse
674 3408 704 3461 et
725 3403 831 3483 dicere,
845 3403 925 3464 Olim
942 3404 1045 3478 sortes
1061 3403 1162 3478 fuisse

71 3477 218 3540 Milesios.

113 3561 183 3619 AD.
206 3562 269 3638 Ego
282 3565 317 3622 de
331 3565 383 3622 hac
398 3572 490 3624 tecum
503 3583 563 3624 non
577 3566 758 3627 contendam.

114 3639 272 3703 CHREM.
294 3645 372 3714 Quid
386 3645 447 3704 ita?

115 3723 186 3782 AD.
208 3726 380 3785 Reverentia
394 3728 484 3786 atatis
498 3731 573 3785 tue:
597 3745 662 3784 nem
676 3745 819 3801 nunquam
828 3727 911 3784 alteri
923 3727 1120 3784 concessissem
1131 3731 1165 3784 ut

73 3806 147 3864 istuc
160 3806 274 3866 iaceret.
317 3807 347 3866 N
350 3827 405 3866 unc
418 3828 486 3868 vero
499 3809 581 3866 lates
594 3810 642 3865 abi
654 3809 784 3867 adsumta
796 3808 1016 3868 adolescentula.

115 3885 273 3946 clinum.
294 3888 372 3948 Nori
385 3897 506 3970 ruentem
521 3898 611 3967 tuam,
627 3892 716 3949 nori:
740 3909 802 3949 uon
822 3892 945 3964 emplius
957 3887 1035 3947 forte
1048 3887 1091 3946 ris
1104 3907 1164 3947 esse

75 3986 140 4025 cum
156 3970 211 4026 illa.

115 4047 187 4106 AN.
209 4047 278 4117 Quis
291 4058 382 4112 summ
396 4060 439 4112 est
452 4051 659 4128 permissurus?

106 4131 184 4269 'pm‘
206 4131 277 4230 N.⁰¹¹
290 4125 472 4194 sollicitarem
493 4153 658 4194 saoeanum
683 4134 872 4210 subegitatcm
893 4134 961 4194 inde
983 4153 1002 4193 a
1025 4133 1161 4192 tredecies

76 4231 114 4270 mr
138 4231 259 4272 eanms.
