2875 4984
275 355 317 428 et
597 355 997 423 unrsroraunrs
1034 330 1046 345 ⁸

275 523 378 598 denus,
392 539 409 582 e
422 502 721 583 tunicelerltersctssa
730 525 935 600 promicantem
947 510 1093 600 pupillam
1121 507 1227 583 laccho
1237 522 1371 584 saltatio

275 609 319 668 uis
332 624 441 674 amaus,
457 622 630 680 prosequere
643 625 697 664 mc.

316 647 476 744 ΧΑΝΤἨ
499 683 562 761 Ego
575 702 644 743 nero
667 687 770 745 lubens
790 690 871 746 solco
893 683 1154 754 contremescunt
1181 687 1243 761 ipsa
1264 685 1371 746 ludens

273 769 377 827 saltare
393 767 472 824 volu.

314 838 729 921 BACCH.Eteg01usuper

314 925 437 986 CHOR.
460 925 594 986 Vultisue
606 944 674 1002 ergo
689 937 722 986 ut
735 926 817 983 simul
830 923 1062 987 ludos'iaciamus
1082 924 1307 1000 Archedemam,
1319 929 1369 1002 qui

272 1011 432 1084 septuennis
447 1009 572 1064 nondum
587 1008 712 1065 habebat
737 1009 907 1081 phratoras.
928 1029 1008 1068 nunc
1020 1017 1112 1067 autern
1127 1009 1310 1081 durpopuli
1324 1016 1368 1065 est

272 1090 348 1164 apud
362 1105 501 1164 supernos
515 1105 622 1158 manes,
639 1095 669 1146 et
692 1090 882 1162 principatum
898 1093 1028 1164 nequitiae
1042 1091 1101 1149 illic
1122 1088 1256 1148 obtinet?
1289 1087 1365 1145 Clis-

145 1187 148 1193 ’
271 1171 383 1229 thenem
394 1167 602 1247 autumandio
595 1185 624 1224 m
636 1171 774 1243 sepulcris
788 1173 917 1245 podicem
930 1173 1062 1230 vellicare
1074 1189 1169 1246 suum,
1184 1177 1214 1227 et
1227 1169 1366 1242 pilantenr

271 1253 398 1308 lacerare
405 1266 510 1326 genas
539 1255 569 1306 et
576 1251 728 1324 plangere
741 1269 862 1324 pronus,
876 1260 906 1310 et
930 1253 1054 1328 plorare,
1070 1260 1100 1310 et
1123 1252 1278 1308 inclamare
1291 1251 1367 1306 solet

270 1329 413 1396 Sebinunr,
428 1332 478 1402 qui
493 1329 705 1424 Anaphlystius
720 1339 772 1387 est.
815 1331 891 1399 Quin
906 1341 935 1390 et
949 1331 1067 1390 Calliam
1082 1334 1172 1402 aiunt,
1185 1330 1274 1387 istum
1288 1327 1365 1402 Hip-

269 1413 369 1487 pobiui
382 1411 481 1484 lilium,
494 1411 579 1466 cuuni
592 1411 704 1468 leonina
717 1411 847 1468 indutum
862 1413 1008 1471 decertare
1022 1413 1123 1487 praelio
1135 1395 1241 1469 navali.

188 1486 192 1501 ‘
313 1489 457 1550 Buccis.
478 1487 639 1548 Possctisue
658 1491 742 1549 uobis
765 1493 900 1563 indicare,
919 1491 1007 1551 Pluto
1031 1493 1147 1550 ubinam
1172 1487 1363 1548 hichabeatt

202 1639 207 1652 ι
269 1571 412 1648 peregrini
426 1573 500 1628 enlm
513 1587 617 1639 sumus,
629 1576 658 1628 et
671 1574 759 1629 modo
772 1573 829 1631 huc
842 1573 1015 1632 advenimus.

198 1696 208 1714 .
310 1650 432 1710 CHOR.
455 1649 502 1708 Ne
515 1652 624 1726 longrus
637 1651 735 1724 abeas,
749 1671 839 1725 neque
852 1655 955 1712 rtcrum
968 1673 1012 1711 me
1023 1655 1203 1728 interroges
1226 1651 1276 1710 sed
1289 1648 1363 1707 serto

268 1731 324 1790 ad
317 1747 409 1806 rpsum
424 1733 527 1788 ostium
541 1738 570 1789 te
586 1733 754 1806 pervenisse.

308 1809 458 1870 BACCH
480 1807 565 1868 Tolle
580 1829 685 1881 rursus
702 1829 787 1887 puer,
801 1815 938 1888 stragula.

308 1889 468 1949 XANTH.
491 1889 567 1958 Quid
582 1893 638 1950 hoc
651 1899 713 1950 erat
726 1894 815 1967 aliud,
830 1911 914 1966 quam
927 1889 1016 1950 lovis
1027 1888 1191 1951 Corinthus
1204 1892 1233 1948 in
1246 1895 1361 1965 anagn·

264 1971 320 2030 lis?
348 2016 351 2022 ι

305 2047 396 2110 SEM.
419 2049 524 2108 Ducite
539 2056 616 2109 nunc
631 2071 739 2110 sacram
767 2053 900 2112 choream
918 2047 1008 2121 Diva,
1023 2071 1074 2127 por
1089 2071 1187 2111 nemus
1201 2050 1362 2108 tloril'crum

265 2134 407 2205 ludentes,
423 2135 471 2206 qui
486 2133 640 2208 participes
654 2137 719 2192 estis
735 2135 775 2208 pii
796 2135 880 2192 festi:
904 2152 958 2207 ego
972 2153 1041 2191 vero
1063 2153 1126 2192 cum
1140 2133 1297 2207 virginibus
1312 2134 1360 2188 ihu

262 2221 293 2272 et
305 2215 481 2284 mulieribus,
497 2213 546 2267 ubi
563 2211 685 2270 Dearum
700 2222 743 2272 est
757 2216 946 2288 pervigilium,
959 2215 1048 2271 facem
1057 2230 1165 2271 sacram
1180 2219 1359 2286 portaturus.

304 2291 395 2350 SEM.
420 2289 523 2348 Eamus
538 2293 566 2348 in
584 2295 654 2350 rosis
668 2293 774 2350 referta
787 2295 891 2351 florida
902 2303 995 2368 prata,
1007 2303 1109 2352 nostro
1123 2313 1204 2352 more
1225 2295 1359 2366 pulcher.

264 2373 343 2431 nimis
358 2373 468 2430 choreis
482 2372 622 2445 ludentes,
637 2391 706 2446 quas
717 2376 807 2431 beatae
821 2375 908 2432 Horae
924 2377 1077 2447 quotannis
1098 2377 1250 2432 reducunt.
1294 2373 1358 2431 No·

264 2450 308 2511 bis
329 2454 402 2510 eninr
424 2452 491 2507 solis
512 2451 562 2508 Sol
583 2458 613 2510 et
632 2453 681 2510 lu'x
700 2454 831 2527 jucunda
851 2464 906 2528 est‚·
922 2455 971 2526 qui
993 2471 1086 2512 sumus
1106 2456 1223 2525 initiati,
1236 2453 1358 2530 piosque

264 2551 316 2592 nos
330 2534 465 2610 gessimus
479 2539 509 2590 et
520 2551 589 2608 erga
603 2537 769 2610 peregrinos
783 2543 812 2592 et
824 2555 893 2612 erga
906 2539 987 2594 circs.

262 2716 461 2796 BACCHUS‚
477 2713 685 2794 XANTHIA,
700 2717 857 2790 AEACUS‚
872 2717 1059 2780 ANCILLA
1067 2719 1357 2796 PuosuumNAE,

383 2825 386 2830 ’
444 2821 1171 2896 CAUPONAE,cuouuslnlulut'onunt.
1277 2850 1284 2866 =

301 2952 448 3016 BACCH.
464 2955 594 3028 Agedum
605 2957 770 3026 quomodo'
758 2974 876 3032 Jauuam
889 2959 1028 3032 pultabo?
1043 2959 1188 3032 quomodo
1198 2955 1210 3014 l
1220 2955 1354 3025 Quonam

259 3041 306 3098 hic
320 3038 417 3094 modo
414 3036 540 3110 pultant
552 3035 679 3092 incole?

300 3112 461 3174 ΧΑΝΤΗ.
484 3109 530 3171 Ne
544 3121 654 3188 tempus
670 3124 754 3191 teras,
767 3120 816 3176 scd
829 3117 1006 3194 aggrederej
993 3136 1124 3195 januam,
1136 3122 1169 3174 ut
1182 3119 1302 3240 ornatu,
1314 3118 1353 3174 sic

213 3243 216 3254 .
258 3199 341 3258 etiarn
357 3197 452 3254 auimo
465 3193 618 3252 Herculem
635 3197 769 3256 relerensL

297 3275 442 3335 BACCH.
465 3273 541 3331 Heus
555 3293 634 3348 puer

297 3356 402 3416 AEAC.
426 3353 582 3424 Quiriste?

297 3436 404 3495 Bne(
408 3435 443 3494 H
468 3434 606 3494 Hercules
620 3437 668 3494 ille
681 3437 775 3496 fortis.
856 3437 859 3443 ’

297 3516 1350 3616 AEACoerecrande,0t1mpunensctaudar‚ct1mpure,ctpenm
1418 3506 1420 3539 ³

256 3618 339 3674 pure,
356 3608 384 3656 et
397 3583 596 3671 impurissime
608 3599 657 3671 qui
672 3617 769 3655 canem
784 3606 913 3656 nostrum
924 3599 1080 3661 Cerberum
1091 3605 1270 3675 protractum
1281 3603 1348 3656 ahc·
1418 3604 1419 3627 ³

254 3681 322 3754 gisti
336 3681 456 3738 obtorto
471 3680 559 3750 collo,
574 3686 603 3734 et
617 3680 686 3754 luga
704 3687 732 3736 te
746 3699 809 3736 cum
832 3698 867 3736 eo
881 3682 1062 3754 proripuisti‚
1077 3699 1160 3754 quem
1175 3697 1228 3752 ego
1250 3687 1349 3738 custo·

254 3763 374 3818 diebam.
416 3759 471 3816 Sed
487 3777 564 3816 nunc
577 3761 681 3816 rnedius
697 3759 821 3817 teneris:
844 3762 908 3818 talis
929 3770 957 3817 te
967 3760 1065 3836 Stygis
1079 3769 1142 3818 atra
1166 3766 1249 3834 petra
1262 3768 1291 3816 et
1306 3763 1348 3816 A·

254 3841 417 3898 cherontius
438 3840 575 3912 scopulus
588 3843 724 3914 sanguino
737 3859 851 3897 manans
873 3843 1035 3912 adservant,
1049 3849 1080 3898 et
1102 3839 1208 3917 Cocyti
1223 3840 1348 3897 circum.
1417 3872 1419 3905 ;

253 3929 399 3980 cursantes
422 3937 515 3994 canes,
533 3918 716 3994 Echidnaque
738 3923 894 3996 centiceps,
910 3942 970 3994 quae
985 3924 1092 3979 viscera
1115 3929 1166 3976 tua
1180 3923 1346 3995 discerpet·
1417 3906 1418 3937 ¹

253 4003 461 4076 pulmonesque
472 4009 537 4058 tuos
552 4003 688 4075 corripiet
701 3999 831 4060 Tartesia
845 4021 993 4060 muraena·
1017 4021 1097 4059 rencs
1113 4020 1183 4058 vero
1198 4008 1264 4058 tuos
1279 4019 1345 4058 cru·

252 4087 364 4140 entatus
378 4099 436 4138 una
449 4099 510 4138 cum
526 4081 593 4156 ipsis
606 4083 746 4140 intestinis
763 4082 922 4143 distrahent
932 4081 1084 4160 Gorgones
1096 4081 1262 4160 Titurnia,
1275 4098 1344 4157 qrrus

252 4162 341 4220 citato
355 4181 440 4220 cursu
454 4180 592 4220 arcessam
606 4181 670 4238 ego.

292 4241 379 4301 XAN
383 4241 449 4302 'tls
472 4243 552 4302 Heus
567 4250 610 4324 tu,
624 4243 690 4320 quid
703 4241 820 4302 fecisti?

1284 4212 1417 4361 sl
