2875 4984
276 373 338 438 tte
600 371 997 438 turstornnms

278 535 415 596 immersit
425 536 515 611 pedes
528 533 633 610 ejuriu
646 551 761 593 cerum:
791 539 871 610 post,
885 533 1054 608 refrigerato
1075 531 1163 609 puliel
1185 534 1372 598 mitram

280 617 369 676 culeei
382 613 499 692 Persici,
513 633 583 691 quos
595 616 644 674 ille
656 615 795 692 detrusit,
809 615 900 690 iisque
912 616 1037 691 spetlum
1048 615 1195 676 dimetitur
1207 625 1262 678 ert.

319 694 476 756 STREPS.
498 695 527 755 0
540 715 670 772 supreme
682 695 809 770 Jupiter,
822 701 931 770 quante
941 693 1084 754 subtiliter
1097 698 1220 758 ruentis!

320 775 422 836 msc.
443 775 523 848 Quid
535 795 616 850 rere,
630 779 656 836 si
667 779 745 834 uliud
759 775 886 837 socrum
896 777 996 835 nudius
1008 777 1181 836 iurentuml

318 853 474 919 STREPS.
494 855 613 928 Quulei
635 858 769 931 obsecro,
783 875 886 916 enarre
897 857 979 917 milri.

320 937 420 998 msc.
441 936 647 1018 interrogabat
659 941 751 1014 ipsum
766 937 950 1014 Chrereplron
961 937 1118 1016 Sphettius,
1130 945 1230 999 utrum
1251 943 1372 1015 pultrel

280 1021 386 1080 coliem
398 1037 450 1080 ore
462 1037 577 1094 enuere,
590 1037 627 1078 uu
640 1037 710 1079 reru
724 1020 839 1096 podio’e.

319 1098 475 1161 sTlllll’s.
495 1101 584 1178 Quid,
598 1117 709 1176 queso,
721 1117 788 1158 uum
800 1101 916 1159 dicebat
927 1097 1024 1158 illude
1035 1096 1151 1158 eolice?

320 1179 420 1242 DISC.
443 1181 617 1242 Intestiuum
630 1182 730 1242 culicis
751 1183 866 1242 dieebet
882 1197 944 1239 erse
955 1187 1127 1256 augurum
1159 1198 1211 1254 per
1228 1180 1305 1238 illud
1318 1201 1368 1240 au.

280 1269 337 1322 tem
350 1269 437 1324 tenue
449 1263 583 1324 dunrmri
596 1281 714 1339 pergere
727 1279 824 1322 rersus
840 1261 991 1336 podlcem·
1012 1260 1115 1320 deinde
1126 1263 1367 1336 augustoiuterti-

278 1363 319 1404 uo
332 1343 510 1405 edocentem
523 1363 624 1404 curum
638 1343 769 1419 podicem
783 1343 867 1401 lictus
881 1343 1018 1400 rloleutie
1030 1359 1142 1400 souare.

319 1421 478 1485 STEPS.
499 1423 605 1485 Tube
595 1433 694 1501 rteque
707 1431 751 1484 est
763 1425 858 1500 podex
871 1425 1004 1482 culicum.
1045 1420 1075 1481 0
1086 1429 1130 1481 ter
1142 1425 1243 1481 beetur
1252 1424 1295 1482 ob
1303 1443 1365 1498 per-

280 1512 406 1582 spectum
418 1507 546 1568 lutestiul
568 1505 718 1566 usturuml
748 1503 845 1566 Frclle
860 1505 958 1564 hercle
970 1522 1033 1564 reus
1045 1504 1221 1580 ubrolretur,
1235 1505 1289 1578 qui
1311 1513 1364 1564 uu

279 1588 353 1646 bene
365 1583 466 1648 uorlt
457 1587 623 1648 intestinum
638 1587 745 1648 culicis.

320 1664 422 1728 DISC.
443 1665 549 1748 Nuper
568 1683 637 1727 rero
663 1665 789 1726 sublimis
814 1665 952 1742 cogitatio
974 1663 1136 1740 ubrepteel
1155 1663 1213 1722 init
1236 1683 1255 1724 u
1276 1666 1364 1724 stelli.

278 1765 345 1808 oue.

317 1821 476 1886 sunum.
497 1823 677 1896 Quomodo?
698 1828 745 1885 die
759 1826 838 1886 milri.

318 1905 421 1968 oisc.
443 1905 517 1966 Dum
540 1915 629 1967 noctu
644 1908 833 1984 investigabat
854 1908 903 1966 ille
916 1907 1005 1966 Luna
1026 1904 1129 1966 rimet
1150 1909 1361 1985 conminuet,

278 2003 443 2064 rursumque
456 1992 606 2065 spectulret
619 2007 671 2050 ore
682 1990 789 2060 hiante,
802 1991 930 2049 detecto
943 1989 1111 2048 coucueerit
1122 2002 1185 2046 eom
1198 1991 1306 2048 stellio.

317 2067 473 2130 sunum.
495 2069 524 2130 0
535 2071 659 2146 lepidum
672 2071 845 2144 stellionem,
858 2073 910 2144 qui
922 2071 1069 2129 Socratem
1081 2070 1271 2129 concueeritt

318 2149 421 2210 msc,
443 2149 514 2210 Heri
529 2159 623 2211 eutem
637 2150 750 2226 resperi
762 2168 844 2211 coeue
856 2153 941 2210 uobis
952 2169 1012 2208 uuo
1024 2153 1097 2208 erae

319 2229 477 2290 STREPS.
499 2229 592 2290 Hem!
616 2232 684 2305 quid
696 2233 795 2304 ituque
806 2231 977 2292 iureuiendo
990 2231 1057 2290 cibo
1069 2230 1271 2307 excogitavit?

317 2307 418 2370 DISC.
444 2309 580 2386 insperso
593 2314 623 2370 iu
637 2329 761 2370 mensam
773 2313 854 2372 tenui
868 2315 998 2388 putrere,
1009 2313 1176 2370 verruculum
1191 2314 1361 2386 incurvavit,

278 2391 377 2451 deiude
388 2391 502 2451 circino
515 2397 619 2466 sumto,
632 2399 739 2452 restem
751 2409 768 2450 e
781 2394 913 2469 pdaestru
925 2393 1072 2467 surripuit.

318 2469 475 2530 sTuuPs.
496 2470 573 2539 Quid
584 2491 653 2547 ergo
666 2471 787 2532 Thalem
798 2475 880 2532 illum
893 2472 1049 2543 miremur?
1080 2473 1186 2547 Aperi,
1200 2476 1283 2548 uperi
1295 2493 1360 2549 pro-
1405 2514 1406 2551 p

278 2567 349 2625 pere
361 2551 498 2626 sedulum,
512 2562 541 2615 et
559 2553 627 2612 milri
641 2557 850 2630 quamprimum
864 2557 982 2615 oemude
993 2555 1163 2613 Socratemr
1184 2557 1278 2632 gestio
1290 2557 1360 2614 entur

278 2633 433 2706 discipulus
447 2634 530 2693 fierit
551 2635 602 2694 sed
613 2635 695 2708 uperi
708 2636 822 2694 ostium.
865 2634 894 2694 0
906 2634 1063 2694 Hercules!
1085 2636 1162 2694 uode
1172 2655 1227 2712 ego
1249 2638 1301 2696 lias
1315 2641 1359 2694 be-

276 2713 342 2772 sues
355 2732 414 2773 esse
426 2715 518 2774 dicem
530 2715 676 2791 gentium?

223 2843 228 2858 .
315 2792 419 2855 DISC.
440 2793 519 2866 Quid
531 2797 635 2857 mirare
646 2795 658 2854 2
670 2799 728 2854 cui
741 2797 872 2856 ridentur
885 2815 946 2855 esse
957 2794 1079 2856 similes?

217 2869 219 2878 ’
313 2873 470 2935 S‘l'llEPS.
494 2875 717 2936 irecedaemoniis
734 2877 801 2948 illis,
814 2880 892 2951 quie
913 2877 990 2955 Pylo
1013 2877 1120 2954 ceptiri
1138 2877 1262 2938 cdducti
1284 2886 1357 2938 sunt.

273 2953 328 3014 Sed
361 2957 408 3013 uid
423 2963 527 3012 terrum
542 2957 770 3016 intuenturisti?

314 2977 414 3096 DdSC
434 3034 787 3104 Quaeruutsubterruuee.

313 3113 470 3175 STREPS.
496 3117 603 3176 Bulbos
616 3135 686 3196 ergo
700 3121 842 3192 quaeror'rt.
884 3117 956 3178 Ne
943 3139 1005 3193 rum
1019 3120 1226 3218 istuccmplius
1239 3121 1356 3177 curete':

274 3195 416 3270 egoenim
429 3199 487 3254 scio
502 3199 550 3254 ubi
563 3201 620 3256 sint
631 3199 727 3273 magni
737 3208 766 3259 et
777 3200 898 3278 pulchri.
927 3199 1019 3268 Quid
1029 3219 1100 3275 rere
1119 3203 1166 3259 isti
1176 3201 1297 3276 iaciunt,
1312 3200 1356 3274 qui

274 3283 332 3334 um
345 3295 466 3335 camuros
480 3297 509 3334 se
522 3279 694 3340 inflectunt?

267 3363 271 3372 “
314 3355 413 3416 Dlssss.
438 3359 677 3420 Perscrutantur
669 3381 727 3423 rme
738 3359 827 3420 Erebe
839 3367 869 3420 et
880 3359 1008 3420 Terturl
1403 3384 1404 3443 ι

312 3433 469 3500 STREPS.
491 3441 1059 3520 Quidergopodexincoelumspectet?
1403 3448 1404 3463 ³

293 3517 412 3577 uiso
434 3519 936 3589 Seorsumilleustronomiamdiscit
969 3524 1023 3582 Sed
1032 3523 1222 3600 regredimur,
1236 3541 1273 3580 ue
1283 3541 1355 3596 rpsus

273 3601 300 3653 ἱιι
314 3604 410 3656 nosfo
413 3609 455 3658 rte
470 3605 585 3661 incidat.

311 3679 466 3740 S'luEPS.
488 3683 735 3759 mandamentum,
750 3685 901 3742 nondum:
921 3684 1128 3760 sedmuueuut,
1145 3689 1179 3740 ut
1202 3703 1269 3742 eum
1289 3685 1353 3762 ipsis

173 3819 176 3828 ,
272 3763 472 3821 communicem
487 3767 678 3841 pauxillumq
679 3767 727 3824 urd
741 3785 833 3824 rerum
846 3783 980 3824 meorum.

311 3840 410 3902 DISC.
430 3843 484 3904 Sed
498 3863 557 3902 nou
571 3855 689 3921 possunt
701 3851 757 3906 sub
769 3849 820 3903 dio
832 3848 903 3904 ioris
914 3850 1085 3907 commorari
1097 3848 1178 3905 nimis
1187 3848 1353 3923 longotem·

271 3937 350 3990 pore

309 3999 355 4059 S'l
357 3999 466 4064 REPS
487 4003 543 4063 Per
555 4006 623 4065 deos
636 4008 767 4076 obsecro,
780 4007 847 4082 quid
858 4007 921 4067 lsrec
929 4008 1021 4068 suut?
1043 4009 1090 4069 dle
1103 4008 1180 4066 milri.

310 4079 408 4139 DlSC
429 4081 498 4143 lime
511 4087 620 4158 quidem
634 4089 810 4147 astronomia
821 4093 875 4146 est.
992 4119 996 4124 ·

307 4159 465 4222 STREPS.
486 4163 643 4244 Homero,
657 4169 749 4242 quid?

309 4235 410 4300 DISC.
431 4241 606 4308 Geumsrrie.

232 4407 235 4412 Ι
306 4319 463 4384 STREPS.
484 4319 551 4385 Hoc
564 4347 632 4404 ergo
645 4329 850 4402 quamodrem
864 4327 929 4391 usui
938 4332 1001 4389 ert?

1399 4550 1402 4599 l
