2875 4984
372 713 934 813 ARISTOPHANIS

551 955 738 1037 PLUTO.

561 1183 719 1234 a*-

245 1347 384 1425 cuum,
401 1347 663 1427 canantius,
678 1348 850 1430 anuum,
864 1349 1039 1414 cnoaus.

143 1543 239 1605 CAR.
262 1527 307 1613 Ο
322 1542 454 1603 Jurrraa
467 1542 585 1619 Diiqua‚
599 1562 682 1617 qnam
694 1547 815 1604 molaria
828 1563 873 1603 rer
884 1553 928 1604 cot
939 1563 1049 1603 ramum
1062 1559 1123 1603 οοοο
1133 1544 1186 1603 da.
1224 1537 1230 1548 ’

99 1624 234 1697 sipiantia
245 1625 352 1684 domini
363 1625 371 1681 i
391 1624 419 1682 Si
431 1626 506 1682 enim
529 1625 641 1698 optima
662 1640 782 1696 quaqua
801 1643 900 1686 corrna
911 1627 1024 1697 dinarii,
1037 1641 1119 1683 οοοιο
1132 1641 1186 1683 au·

99 1710 160 1761 tem
182 1703 278 1763 sacena
300 1704 370 1761 horo
391 1705 530 1775 rideatur,
544 1723 628 1762 cerro
647 1705 764 1761 orauira
782 1707 887 1776 aliquid
908 1707 975 1762 maii
997 1721 1110 1762 neccaro
1130 1711 1184 1762 cat.

99 1781 180 1840 Nam
194 1785 244 1856 qui
265 1791 369 1840 natura
380 1785 512 1856 corporis
525 1784 567 1842 sui
582 1784 713 1842 nominor
736 1792 790 1860 cat,
805 1803 869 1843 cum
883 1787 911 1842 in
931 1785 1009 1842 iilud·
1017 1785 1067 1859 jus
1080 1782 1185 1842 habero

98 1880 161 1921 non
175 1863 242 1920 otntt
256 1861 399 1933 Fortuna,
413 1863 461 1920 aad
473 1865 553 1920 ilium
567 1863 616 1937 qni
629 1863 658 1918 id
672 1863 782 1923 amarit.
823 1865 922 1938 Atque
942 1865 1004 1922 iaaec
1015 1865 1127 1940 qnidam
1141 1866 1184 1922 ito

97 1961 131 1999 ra
144 1943 262 2000 habant.
302 1941 356 2000 sau
370 1939 501 2016 Luxiam,
511 1943 560 2013 qui
570 1943 744 1999 vaticinatur
756 1962 772 2002 c
782 1946 1004 2020 tripodcanrco,
1015 1961 1120 2001 accuso
1129 1943 1183 2000 hac

93 2021 176 2096 justa
188 2023 378 2094 accusatione,
392 2021 482 2093 quod,
497 2021 622 2078 modicus
635 2039 722 2093 quum
737 2025 776 2079 ait
796 2033 825 2080 ct
836 2028 925 2096 raico,
941 2032 974 2077 ut
998 2025 1091 2094 aiunt,
1104 2025 1181 2096 rapi.

96 2119 162 2173 cna,
176 2101 301 2158 atrabili
314 2101 452 2174 parcitum
466 2099 572 2158 dimisit
583 2100 684 2158 herum
698 2119 791 2159 mcum
804 2121 813 2170 ;
835 2104 886 2171 qui
898 2120 976 2174 pona
986 2103 1115 2173 coquitur
1127 2103 1182 2158 iao.

97 2183 205 2237 minem
220 2199 338 2253 coecum,
354 2185 458 2236 contra
471 2178 577 2238 faciens
586 2184 672 2250 atqua
685 2197 749 2236 aum
760 2183 946 2237 conveniebat
959 2181 1063 2238 facero.
1105 2179 1183 2240 Naar

98 2278 167 2329 noa,
182 2262 232 2334 qui
245 2260 381 2330 ridamua
397 2273 491 2315 concor
504 2260 633 2316 ducimus
646 2279 655 2317 r
677 2257 835 2318 isteautcm
845 2263 986 2332 requitur,
1000 2277 1034 2317 ac
1047 2279 1092 2318 mo
1104 2262 1182 2320 inau-

97 2357 152 2413 per
166 2341 245 2412 coqui
255 2340 343 2414 cogit,
354 2337 424 2394 nihii
435 2354 555 2410 prorsus
564 2337 635 2396 mihi
644 2341 829 2410 respondeus.
851 2339 1038 2414 Quapropter
1048 2359 1107 2398 uon
1126 2360 1182 2415 po.

97 2424 156 2476 tent
170 2418 232 2476 fieri
244 2427 275 2475 ut
288 2429 407 2491 meam,
421 2419 474 2475 niai
494 2417 608 2492 dixeris,
624 2437 675 2476 cur
694 2419 769 2476 hunc
782 2437 932 2493 sequamur
955 2420 1077 2497 taudem,
1093 2422 1180 2494 hera,

96 2499 147 2556 aad
161 2498 295 2556 sacratam
307 2499 359 2556 tibi
374 2497 539 2572 nogotium:
562 2497 709 2558 nonenim
732 2517 779 2558 ma
794 2502 968 2573 verberabis,
982 2502 1030 2571 qui
1044 2517 1182 2559 coronam

96 2579 203 2636 habco.

137 2652 296 2714 citauit.
318 2654 409 2713 immo
419 2656 525 2730 hercle,
539 2657 668 2716 detracta
691 2657 772 2728 priua
786 2673 907 2730 corona,
921 2660 945 2714 ai
958 2659 1027 2715 mihi
1046 2661 1182 2717 moicrtnr

96 2737 165 2806 cria,
180 2743 212 2792 nt
226 2737 312 2810 magis
326 2737 456 2794 dotorem
468 2736 584 2794 sentiar.

137 2814 235 2873 CAR.
258 2813 372 2889 Nugaet
400 2815 550 2874 nonenim
570 2815 723 2887 quiescam,
740 2815 901 2888 priusquam
921 2815 997 2871 dicas
1019 2815 1099 2891 mihi,
1118 2818 1182 2889 quir

97 2896 212 2954 tandem
226 2896 261 2952 ait
275 2897 338 2953 iota.
380 2895 488 2954 Animo
502 2911 623 2966 namque
639 2911 756 2968 proma
768 2896 909 2952 bmaroio
922 2894 977 2950 iroc
989 2895 1127 2952 nancitor.

137 2972 295 3032 efluunt.
317 2975 402 3034 Atto
414 2991 473 3032 non
497 2975 618 3032 notabor
646 2989 773 3031 maurum
785 2975 861 3032 anim
885 2991 1035 3031 vernarum
1054 2973 1182 3033 fideliori.

97 3071 176 3112 mum
193 3061 222 3111 ta
231 3056 307 3112 duco
320 3059 350 3112 ct
372 3055 600 3112 occultissimum.
644 3050 719 3125 Ego,
735 3052 787 3126 qni
806 3054 851 3114 vir
873 3069 935 3110 tum
956 3056 1062 3129 piarat
1071 3054 1168 3130 juotur
1250 3051 1254 3058 ’

96 3134 198 3271 ἱιιίἓιῖ
196 3135 309 3270 l{rtcltrqar
320 3132 446 3268 formos,
460 3141 489 3190 at
501 3150 612 3208 pauper
625 3147 714 3190 arara.
1168 3094 1182 3138 ²

226 3253 234 3268 .
287 3230 334 3270 ora
348 3231 414 3285 equa
435 3231 489 3270 am.

138 3289 296 3349 CHREM.
317 3292 375 3349 Alii
388 3299 482 3350 antem
488 3287 814 3362 ditaaoebantaacriicgi,
824 3289 1007 3361 cauaidicict
1018 3291 1182 3369 oycopaao.

97 3378 148 3444 iu,
163 3379 194 3430 at
206 3372 326 3428 acoluti.
520 3403 525 3410 ·
1006 3409 1010 3416 ·

138 3447 237 3509 CAR.
258 3449 365 3508 Credo.
448 3485 453 3492 ·

138 3527 297 3588 CHREM.
318 3528 451 3588 Scitaiurn
465 3528 549 3603 igitur
562 3526 710 3601 profanius
724 3543 787 3583 aum
800 3526 835 3583 ad
854 3527 949 3600 doum,
963 3545 1055 3585 maara
1066 3527 1181 3602 quitiam

98 3609 223 3669 hominia
236 3609 331 3667 mirari
345 3627 404 3669 rem
416 3607 581 3666 familiarem
596 3607 656 3664 fera
666 3606 727 3680 jam
736 3607 904 3664 existimans
922 3605 1085 3666 exhauriam
1097 3625 1178 3667 cara:

97 3691 133 3747 da
147 3690 208 3747 filio
220 3695 327 3760 autem,
342 3691 391 3761 qui
403 3687 473 3745 mihi
485 3687 581 3750 unicus
594 3692 649 3758 cat,
663 3688 904 3761 interrogaturus,
914 3703 952 3743 aa
964 3704 1029 3744 aum
1043 3693 1180 3761 oportent

98 3771 212 3828 mutatio
225 3768 352 3828 moribus
365 3768 426 3826 fleri
439 3768 610 3841 improbum,
628 3764 779 3838 injuntum,
792 3767 884 3823 omnio
905 3765 1061 3843 houpatatia
1075 3782 1178 3842 caper·
1209 3841 1212 3846 Ι

98 3856 167 3921 iem,
181 3855 284 3922 utpotc
297 3850 347 3920 qui
361 3847 428 3906 ritae
441 3849 470 3904 id
484 3852 614 3920 putarem
627 3847 797 3902 conducere.

139 3926 237 3986 CAR.
258 3927 418 4000 Quidcrgo
431 3921 896 3998 Phoebuaproiatuaeataroriiai
1050 3942 1051 3946 ¹
1091 3941 1094 3946 ·

139 4004 296 4066 CHREM.
319 4007 437 4064 Audict.
478 4005 565 4066 Clara
582 4020 704 4077 namque
718 4001 797 4062 Dour
819 4000 1101 4063 dicimini-iunctior
1128 4005 1180 4063 cui

21 4109 23 4116 >
98 4103 280 4146 occurrerem
287 4089 418 4163 primum
429 4101 575 4160 egressor,
588 4084 625 4140 uir
635 4101 668 4139 ao
680 4085 827 4158 mejurrit
836 4099 896 4142 non
908 4081 1037 4163 amplior
1050 4084 1177 4143 rb'rcada·

99 4183 144 4242 re,
158 4169 242 4241 cipue
251 4165 491 4242 pertonuerant
505 4181 551 4221 mc
561 4169 701 4240 aequatur
712 4161 842 4224 domum

175 4260 247 4304 ror..
268 4261 313 4302 tv.
634 4257 656 4298 rt
