2875 4984
291 385 349 444 res
592 358 993 440 lnrslonursurs‘

281 538 377 599 amieis
388 551 564 596 succurrere.
604 538 653 596 Ad
667 553 843 594 communem
854 537 929 595 anim
946 533 1111 594 felicitatem
1124 535 1286 595 adhibenda
1306 535 1358 597 tibi

219 647 222 652 ·
282 625 326 678 est
339 621 440 694 linguar
454 619 578 686 solertia,
592 636 656 691 quae
670 619 780 676 civilem
793 619 932 691 populum
946 618 1067 674 adornet
1080 617 1196 676 infinitis
1211 623 1358 692 prosperi.

281 702 387 758 tatibus
400 701 476 768 vitre,
487 705 516 758 et
527 699 713 772 demonstret,
730 699 795 772 quid
810 700 924 755 occasio
933 699 1033 772 possit.
1074 696 1188 772 ludiget
1198 700 1358 773 quippesa

281 782 373 856 pienti
385 781 518 854 quopiam
531 785 692 840 commento
707 779 868 854 respublica
881 785 988 836 nostra.
1030 778 1075 836 At
1088 779 1193 852 pertice
1201 782 1291 838 modo
1306 799 1359 852 res,

282 881 346 936 qua
362 880 413 920 uec
426 862 508 919 lacta
524 879 659 936 unquam,
674 879 766 932 neque
779 868 1003 918 commemoratas
1017 859 1126 916 fuerint
1142 867 1236 918 autm.
1280 862 1359 920 Ode-

282 948 352 1000 runt
365 943 439 1000 enim
452 945 542 1000 nostri
554 941 693 1012 homines,
707 943 731 996 si
743 947 838 996 vetera
850 943 952 1014 sepius
966 944 1106 1014 spectent.
1148 941 1203 998 Sed
1216 961 1276 999 non
1290 961 1359 1000 cun·

283 1023 417 1080 claudum
430 1042 439 1079 r
473 1024 543 1096 quin
557 1024 653 1096 potius
666 1022 916 1078 commentationes
930 1021 989 1094 ejus
1009 1021 1050 1077 rei
1072 1023 1269 1096 argrediendae
1282 1030 1359 1080 sunu

282 1101 360 1162 Nam
374 1106 433 1162 cito
446 1104 590 1178 quidpiam
605 1121 698 1178 agere,
715 1102 795 1159 valde
806 1103 962 1175 gratiosum
973 1108 1016 1159 est
1028 1103 1106 1174 apud
1120 1108 1308 1174 spectatores.

324 1182 452 1242 PRAX.
473 1183 567 1257 Atqui
580 1183 728 1242 commoda
740 1201 786 1240 me
806 1200 948 1240 summram
968 1201 1029 1240 esse
1048 1182 1162 1240 coutido
1190 1187 1360 1256 spectatum

282 1267 346 1336 bus,
360 1268 383 1326 si
396 1266 530 1325 maselint
541 1266 608 1322 novi
622 1264 767 1336 quidpiam
780 1262 872 1338 sequi,
887 1283 973 1336 quarn
985 1263 1113 1321 moribus
1126 1266 1253 1336 antiquis
1265 1267 1358 1324 adhe·

282 1365 355 1404 rere.
396 1345 462 1403 Hoc
473 1352 516 1402 cst
529 1347 607 1419 quod
620 1344 740 1402 maxime
752 1345 885 1402 formido.

322 1425 435 1485 BLEP.
458 1426 503 1484 De
515 1444 653 1484 novarum
667 1425 777 1498 quidem
792 1443 885 1481 rerum
899 1426 993 1482 studio
1006 1439 1043 1480 ne
1055 1431 1182 1482 metuas:
1214 1427 1266 1485 bas
1287 1431 1359 1486 enim

282 1509 396 1583 sectari,
410 1509 493 1566 nobis
507 1525 559 1582 pro
568 1508 733 1580 alioquovis
742 1505 862 1581 imperio
871 1513 925 1582 est,
934 1513 967 1564 ut
976 1513 1005 1564 et
1014 1513 1141 1563 veterum
1155 1507 1263 1566 rituum
1273 1511 1358 1585 negti.

301 1595 461 1648 entesesse

281 1607 301 1664 g
321 1668 443 1728 PRAX.
468 1668 515 1726 Ne
524 1668 613 1745 igitur
631 1668 769 1742 quispiam
784 1668 907 1725 restrllm
919 1666 989 1724 milri
1007 1667 1197 1739 contradicat,
1210 1687 1358 1742 nequens

281 1751 363 1823 prius
376 1750 549 1824 interpellet,
564 1767 648 1819 quam
663 1749 927 1806 commentationem
941 1767 1030 1805 meam
1045 1752 1167 1819 noverit,
1181 1756 1212 1806 et
1222 1769 1269 1808 me
1280 1752 1358 1809 audi·

281 1831 338 1888 erit
351 1831 525 1905 loquentem.
567 1827 686 1902 Quippe
699 1829 790 1886 dicam
805 1847 901 1886 omnes
916 1838 1051 1902 oportere
1064 1833 1196 1888 omnibus
1218 1833 1261 1888 uti
1281 1850 1356 1889 com·

280 1912 419 1984 maniter,
435 1911 618 1983 omniumque
639 1927 734 1967 rerum
750 1911 903 1984 participes
925 1929 995 1982 esse,
1010 1916 1040 1966 et
1061 1929 1095 1968 ex
1110 1911 1207 1968 iisdem
1219 1914 1304 1970 bonis
1317 1913 1356 1968 ri.

254 2023 256 2040 ι
282 2010 372 2064 rere;
405 2011 464 2050 nou
478 1999 572 2050 autem
586 1991 661 2048 hunc
681 1991 807 2064 divitem,
821 1992 985 2047 illumvero
1008 1991 1137 2048 miserum
1158 2011 1237 2063 esse3
1271 2012 1357 2066 neque

281 2072 360 2130 hunc
374 2091 504 2150 magnum
518 2091 616 2147 ugrum
630 2073 734 2142 colere,
746 2072 789 2128 illi
803 2086 870 2129 sero
883 2073 999 2128 mesatis
1013 2073 1126 2143 quidem
1140 2081 1223 2130 terrae
1242 2093 1304 2132 esse
1316 2093 1356 2131 se.

283 2155 416 2227 peliendo
429 2153 577 2222 cadaveri3
599 2171 691 2225 neque
703 2153 790 2209 serris
803 2153 880 2208 hunc
895 2153 1086 2226 compluribus
1101 2154 1154 2222 uti,
1166 2156 1246 2211 illum
1260 2161 1353 2213 autem

282 2251 318 2292 ne
331 2237 514 2308 pedisequum
529 2233 641 2306 quidem
652 2232 767 2289 habere.
808 2231 863 2289 Sed
877 2251 963 2289 unum
974 2233 1105 2292 omnibus
1115 2254 1294 2294 communem
1303 2237 1358 2294 sic·

281 2321 343 2372 turn
357 2315 469 2383 faciam,
483 2331 605 2385 eumque
618 2312 747 2369 similem.

322 2392 437 2453 BLEP.
458 2392 613 2461 Quomodo
626 2391 716 2466 igitur
728 2395 860 2450 omnibus
874 2394 1030 2452 communis
1043 2395 1097 2453 erit
1107 2393 1128 2452 i·

321 2473 445 2534 PRAX.
467 2473 607 2532 Comedus
620 2479 728 2530 stercus
741 2476 822 2547 prior
831 2493 885 2532 me.

321 2552 439 2613 BLEP.
462 2553 499 2612 Et
514 2554 645 2612 stercoris
659 2557 743 2611 etiam
757 2556 910 2629 participes
923 2555 1047 2614 erimus?

321 2633 449 2694 PRAX.
472 2634 543 2694 Nou
557 2641 669 2694 ecastor
683 2653 745 2692 mea
756 2637 817 2694 hec
830 2644 872 2694 est
884 2639 1041 2695 sententias
1063 2637 1112 2694 sed
1125 2636 1170 2694 me
1181 2637 1357 2714 interpellas·

281 2717 312 2775 u.
353 2716 452 2776 Hocoe
465 2719 538 2775 euim
553 2717 666 2776 dictura
679 2735 777 2774 eram:
799 2736 902 2792 nempe
914 2736 998 2792 agros
1011 2719 1104 2792 primo
1117 2718 1218 2776 faciam
1229 2723 1355 2783 omnibus

282 2815 456 2873 communes,
472 2807 503 2856 et
512 2799 656 2872 pecunias,
667 2804 697 2854 et
709 2799 766 2854 alia
780 2817 843 2870 quae
857 2798 1078 2872 uniuscujusque
1103 2808 1181 2858 sunt.
1226 2799 1300 2859 Dein
1323 2822 1356 2859 ex

278 2880 334 2936 lllis
350 2881 492 2952 omnibus,
505 2879 588 2935 lactis
603 2879 812 2952 communibus,
828 2897 877 2937 sos
889 2897 985 2937 ornnes
998 2881 1115 2952 alemus,
1125 2883 1319 2955 dispensantes
1330 2889 1357 2940 et

280 2966 443 3036 parcentes,
458 2967 487 3016 et
500 2960 620 3015 animum
636 2958 831 3018 adtendentes.

288 3069 290 3075 ·
321 3037 433 3097 BLEP.
457 3041 501 3096 At
513 3039 658 3111 quomodo
681 3041 732 3107 qui
745 3057 828 3113 agros
842 3059 899 3098 nou
915 3042 1054 3119 possidet,
1068 3044 1218 3115 pecuniam
1236 3057 1310 3102 vero·
1328 3048 1355 3101 et

280 3119 414 3191 Daricos,
429 3137 497 3194 opes
510 3118 617 3176 scilicet
630 3121 795 3176 occultns-
1161 3149 1165 3159 ·

280 3281 300 3338 b
321 3198 442 3258 PRAX.
463 3199 534 3259 Hac
547 3200 576 3256 in
590 3197 713 3258 medium
728 3202 862 3282 deponet,
876 3203 966 3276 etqui
980 3222 1038 3262 uon
1055 3205 1232 3280 deposuerit,
1247 3204 1354 3281 pejera-

300 3281 333 3340 it.

319 3357 433 3419 BLEP.
456 3360 571 3436 Quippe
585 3365 614 3419 et
627 3360 782 3436 pejerando
796 3363 935 3437 quaesivit.
1052 3420 1055 3424 .

317 3441 440 3500 PRAX.
462 3442 515 3502 Sed
525 3444 551 3501 ei
566 3461 681 3517 prorsus
694 3462 754 3501 non
767 3447 917 3503 conducet.

317 3521 430 3582 BLEP.
453 3522 672 3592 Quamobrem?

316 3601 445 3662 PRAX.
466 3605 560 3662 Nemo
574 3605 647 3670 enim
661 3604 811 3680 quicquam
828 3605 1004 3680 paupertatis
1018 3625 1103 3664 causa
1117 3608 1226 3665 laniet:
1249 3610 1354 3684 quippe

277 3702 374 3742 omues
388 3687 484 3744 omnia
497 3687 655 3753 habebunt,
671 3705 769 3759 panes,
784 3691 963 3761 salsamenta,
977 3688 1131 3761 placentas,
1142 3691 1239 3759 lenas,
1252 3692 1354 3759 vinum,

279 3766 413 3838 corollas,
432 3768 516 3824 cicer.
558 3763 704 3832 Quocirca
717 3769 786 3839 qnid
798 3770 870 3827 lucri
884 3774 956 3826 esset
968 3786 1027 3826 non
1049 3771 1206 3844 deponenti
1219 3772 1316 3828 omnia
1326 3773 1354 3828 iu

276 3846 446 3905 commune?
470 3853 511 3918 tu,
525 3849 548 3904 si
563 3847 628 3920 quid
643 3850 800 3922 excogitas,
814 3850 860 3906 fac
874 3851 978 3923 palam.

314 3922 426 3983 BLEP.
445 3926 553 4048 §onae
565 3934 594 3985 ot
606 3945 684 3985 nunc
699 3929 721 3985 ii
733 3931 887 4004 plurimum
899 3931 1046 4007 iurantur,
1061 3931 1167 4004 quibus
1187 3931 1352 3990 haecomnia

274 4011 454 4078 suppetunt.
811 4034 816 4044 ·

314 4082 438 4142 PRAX.
459 4088 555 4145 Antea
568 4088 691 4163 quidem,
708 4088 728 4146 ὃ
752 4092 852 4166 amice,
868 4111 951 4165 quum
965 4091 1111 4163 prioribus
1124 4093 1234 4167 legibus
1256 4096 1351 4151 uteba·

273 4183 356 4222 mur:
379 4184 455 4224 nunc
468 4175 574 4241 autem,
588 4171 644 4227 erit
657 4171 732 4228 enim
745 4189 783 4229 ex
795 4174 939 4232 communi
951 4172 1044 4232 rictus
1058 4173 1203 4248 omnibns,
1221 4175 1349 4247 quidnam

273 4247 456 4306 emolumenti
467 4250 523 4306 erit
536 4268 594 4307 non
608 4251 789 4324 deponenti?

312 4324 426 4386 BLEP.
448 4327 476 4387 Si
491 4331 613 4404 puellam
628 4336 821 4407 conspicatus,
834 4351 897 4392 eam
908 4334 1017 4408 cupiat,
1031 4333 1157 4406 velitque
1178 4335 1251 4391 clam
1265 4337 1349 4392 mole·

273 4425 313 4492 re,
327 4409 442 4468 habebit
455 4412 534 4482 quod
548 4411 607 4485 det,
622 4430 657 4470 ex
666 4412 709 4471 his
723 4416 806 4478 bouis
816 4431 952 4476 sumens:
974 4417 1164 4476 communium
1178 4422 1272 4475 autem
1284 4432 1347 4490 par·

272 4487 414 4569 ticipabit,
430 4508 496 4552 cum
507 4509 541 4552 ea
556 4491 709 4554 dormiens.
1024 4502 1027 4507 '
