2875 4984
255 397 318 458 ue
620 374 1025 448 nn1srernnu1s

254 549 294 608 do
307 545 461 608 secundum
475 539 609 604 Lesbios.
649 539 704 602 Sed
718 559 795 602 mm
807 541 875 600 mihi
887 557 1035 616 uunquam
1051 535 1204 615 praeripier
1215 535 1343 598 deliciare

253 648 343 688 meam
358 636 453 686 antem
467 625 569 683 horam
582 639 637 682 uec
650 624 761 682 trustra
772 624 853 682 abire
865 623 965 696 lacior,
978 641 1033 680 nec
1045 621 1121 680 adeo
1132 619 1308 694 intercipieu

296 705 417 770 PUEL.
439 705 533 765 Canta
546 706 740 779 quantumvis,
750 711 782 762 et
794 703 932 778 prorplce
944 701 1108 778 eludentur,
1120 703 1199 762 velut
1208 701 1344 760 murtelac

253 810 339 850 uerno
353 791 428 848 enim
443 786 480 845 ad
493 792 523 845 tc
536 788 613 860 prius
626 785 814 861 ingredietur,
827 803 914 859 quam
928 785 966 843 ad
976 801 1033 845 rue.

295 869 367 930 AN.
384 868 409 928 l.
433 868 520 926 Anne
531 875 565 924 ut
578 865 729 925 efferaris?

295 949 416 1016 PUEL.
437 947 547 1008 Mirum
561 948 642 1022 quod
656 947 721 1023 ciet,
735 947 755 1006 6
769 945 909 1006 marcida.

270 1073 274 1082 ·
294 1031 370 1094 AN.
386 1029 412 1090 Ι.
433 1029 557 1088 Minime
569 1047 651 1088 rere.

295 1111 412 1174 PUEL.
434 1109 510 1180 Quid
525 1111 600 1169 enim
614 1111 691 1168 dicul
704 1113 810 1168 rulrana
822 1105 918 1166 annul

295 1193 368 1252 AN.
383 1191 409 1251 I.
432 1191 502 1252 Non
516 1192 570 1250 tibi
583 1193 735 1250 molestum
747 1192 805 1248 erit
816 1202 911 1248 meum
923 1190 1042 1248 aenium.

296 1273 416 1336 PUEL.
438 1272 517 1343 Quid
531 1271 642 1349 igitur?
663 1291 699 1330 an
715 1273 805 1347 magis
817 1269 952 1348 anchusa,
968 1281 999 1329 et
1011 1277 1059 1329 tua
1073 1271 1209 1329 cerum?

296 1356 367 1415 AN.
385 1353 409 1414 Ι.
431 1354 510 1422 Quid
525 1371 632 1412 meeum
646 1353 798 1427 loqueris?

294 1435 416 1498 PUEL.
438 1435 517 1504 Quid
531 1453 600 1493 vcro
615 1453 667 1509 per
680 1434 834 1492 fenestram
848 1431 1015 1507 prospicis?

293 1517 357 1579 AN
359 1557 367 1576 .
382 1515 409 1576 Ι.
431 1513 519 1592 Ego?
542 1522 630 1574 cauto
644 1516 719 1590 apud
733 1533 779 1574 me
792 1513 914 1590 Epigeui
926 1533 991 1572 meo
1004 1514 1108 1571 amico.

298 1598 355 1658 PU
359 1597 419 1658 EL.
442 1597 511 1656 'l'ibi
524 1599 601 1656 enim
615 1598 773 1656 emicuerit
786 1597 927 1671 quispiam
938 1601 1046 1671 prater
1057 1593 1165 1652 Geram
1177 1589 1188 1652 l

296 1678 358 1738 AN
362 1721 369 1736 .
386 1679 412 1738 Ι.
435 1678 520 1755 Ipsus
538 1679 592 1738 tibi
607 1679 741 1738 ostendet
752 1695 761 1735 r
775 1681 906 1736 actutum
916 1677 992 1748 enim
1005 1676 1042 1734 ad
1055 1695 1102 1736 mc
1111 1675 1228 1736 reuietr
1243 1678 1291 1736 red
1302 1695 1345 1738 aa·

256 1781 320 1820 aum
335 1761 425 1818 adest.

296 1837 417 1902 PUEL.
439 1837 497 1898 Tui
513 1840 638 1916 quidem,
657 1839 675 1896 6
690 1839 844 1914 pernicies,
858 1837 928 1896 nihil
942 1853 1035 1912 egeus.

296 1920 368 1982 AN.
385 1921 412 1980 1.
436 1921 484 1980 lta
498 1939 543 1979 me
556 1919 670 1998 Jupiter
684 1927 771 1994 amet,
787 1927 820 1978 ut
834 1922 888 1977 mei
900 1925 976 1994 eget,
992 1920 1011 1976 6
1028 1919 1179 1994 pestilera!

295 2001 414 2063 PUEL.
429 2001 457 2061 I.
479 2002 515 2061 Id
529 2006 622 2062 atatim
638 2004 717 2079 ipsus
732 2001 883 2059 ostendet:
908 2019 971 2057 nam
987 2018 1041 2075 ego
1054 2001 1120 2058 hinc
1133 2000 1250 2059 recedo.

295 2083 367 2145 AN.
385 2082 410 2142 Ι.
434 2082 473 2143 Et
486 2103 541 2161 ego
555 2085 676 2161 puriter,
693 2091 724 2141 ut
738 2083 818 2140 noris
830 2101 876 2139 me
888 2083 982 2139 multo
996 2083 1084 2157 magis
1097 2101 1208 2158 sapere.

295 2165 365 2224 AD.
388 2164 508 2224 Utinam
523 2169 622 2224 liceret
636 2185 700 2224 curn
715 2167 813 2240 puella
825 2165 963 2233 dormire,
977 2169 1007 2219 et
1021 2163 1092 2220 nihil
1106 2170 1175 2221 ante
1187 2163 1345 2240 subagitare

254 2249 386 2308 resimum
401 2251 432 2303 et
442 2247 539 2303 uuile:
562 2246 743 2320 nequeenim
757 2247 831 2301 ictuc
844 2243 996 2302 tolerabile
1006 2251 1052 2301 ert
1062 2244 1128 2302 rire
1140 2245 1245 2302 libere.

297 2326 370 2385 AN.
386 2325 428 2386 Il.
453 2326 569 2400 ltaque,
586 2345 638 2401 per
651 2325 670 2386 J
675 2345 769 2398 orem,
779 2343 885 2400 magno
895 2330 949 2383 tuo
961 2324 1161 2384 malofutues:
1176 2326 1347 2397 nequeenim

255 2409 310 2470 rub
325 2407 488 2466 Charirena
501 2408 564 2464 haec
577 2414 715 2482 aguntur.
758 2406 924 2464 Secundum
937 2407 1027 2481 legem
1038 2424 1151 2479 aequum
1159 2417 1203 2465 eet
1211 2408 1267 2464 ieta
1278 2406 1346 2482 lieri,

255 2489 392 2564 aiquidem
407 2489 436 2545 iu
452 2489 587 2563 populari
595 2495 671 2546 statu
684 2487 815 2546 virimar.
857 2485 912 2545 Sed
922 2487 1063 2565 recedam,
1074 2495 1104 2546 et
1113 2491 1268 2566 aucupabo
1277 2505 1347 2558 eum,

254 2569 324 2648 quid
338 2569 452 2626 tandem
467 2569 564 2628 saciet.

296 2649 365 2709 AD.
389 2647 550 2725 Utinam,6
565 2649 616 2724 dii,
628 2649 786 2709 formosam
795 2651 874 2708 illam
881 2650 973 2708 solam
983 2649 1208 2725 deprehendam,
1220 2651 1257 2709 ad
1268 2668 1348 2723 qnam
1414 2650 1415 2685 l

259 2739 386 2808 appetas
400 2734 497 2804 renio,
509 2731 682 2807 jampridem
697 2732 870 2790 desiderans.

296 2811 415 2873 PUEL.
439 2813 548 2889 Decepi
562 2814 708 2872 scelestam
723 2815 802 2872 illam
822 2811 989 2871 aniculam
1017 2812 1129 2890 quippe
1149 2812 1233 2888 abiit,
1250 2820 1348 2888 putam

256 2895 390 2954 videlicet
402 2911 448 2951 me
462 2896 538 2951 intua
552 2910 726 2952 mansuram.

296 2976 368 3035 AN.
387 2974 411 3032 l.
435 2973 689 3034 verumenimvero
712 2975 759 3032 hic
780 2974 860 3050 ipsuu
882 2978 938 3048 eal,
951 2974 1037 3049 cujus
1060 2975 1149 3032 modo
1162 2975 1348 3034 meminimua.
1413 3004 1414 3025 r

256 3053 320 3118 Huc
333 3055 446 3131 quidem
461 3056 536 3131 reni,
550 3055 605 3114 huc
617 3055 695 3132 edes,
711 3054 789 3128 quod
803 3056 871 3114 milri
883 3056 1004 3114 amicum
1018 3061 1083 3115 eet:
1104 3057 1163 3112 lunc
1183 3056 1220 3114 ad
1236 3077 1284 3115 me
1304 3077 1351 3117 ae.

256 3139 337 3209 cede,
351 3145 382 3194 et
395 3144 457 3193 tota
469 3143 556 3194 noete
565 3153 672 3194 meeum
685 3137 854 3195 concumbe.
897 3135 1016 3213 Quippe
1027 3137 1185 3196 memirum
1194 3139 1224 3195 iu
1234 3140 1350 3198 modurn

255 3235 339 3276 amor
351 3223 464 3274 tuorum
479 3219 649 3291 capillorum
661 3219 774 3295 agitet:
806 3219 907 3276 insana
919 3225 1013 3276 autern
1028 3237 1074 3276 me
1090 3219 1209 3276 incessit
1231 3221 1349 3296 cupido,
1412 3260 1413 3293 ,

256 3317 321 3375 quae
336 3315 383 3358 me
394 3298 518 3358 vellicat.
559 3297 702 3372 Concede,
712 3315 823 3377 quaro,
832 3298 937 3375 Amor,
950 3306 981 3358 et
989 3300 1080 3358 tacito
1089 3305 1122 3357 ut
1133 3300 1187 3359 isle
1200 3301 1231 3358 in
1246 3303 1350 3360 lectum

254 3397 348 3440 meum
364 3379 470 3439 ueniat.

296 3459 364 3521 AD.
387 3460 451 3520 Huc
463 3463 588 3533 tandem,
602 3460 621 3519 6
636 3461 691 3521 huc
704 3461 741 3520 ed
754 3479 800 3520 me
812 3462 986 3522 descendens
1000 3462 1105 3520 ostium
1116 3460 1174 3521 lroc
1187 3465 1293 3536 aperi:
1308 3464 1350 3522 rin

254 3541 362 3618 minua,
377 3542 457 3601 lusus
471 3543 517 3602 hic
527 3543 635 3618 jacebo
648 3548 794 3602 mortuus.
837 3541 867 3600 0
881 3543 1015 3611 amicula,
1029 3545 1060 3600 iu
1074 3550 1127 3602 tuo
1140 3542 1205 3599 sinu
1216 3546 1290 3602 role
1312 3547 1351 3603 la·

255 3625 357 3690 acirire
371 3641 436 3682 cum
451 3626 505 3682 tuis
526 3627 651 3683 natibus.
695 3622 807 3701 Venus,
823 3623 894 3700 quid
912 3643 958 3684 me
971 3623 1057 3700 hujus
1070 3625 1214 3685 desiderio
1227 3622 1261 3684 in
1274 3625 1353 3685 iure·

254 3721 314 3762 rem
329 3704 412 3782 agis?
435 3703 581 3781 Concede,
596 3723 704 3780 quaeso,
717 3706 821 3782 Aruer,
835 3711 867 3764 et
876 3705 967 3764 tacito
979 3713 1013 3763 ut
1023 3707 1080 3763 ista
1090 3707 1120 3764 in
1140 3707 1244 3764 lectum
1256 3725 1352 3766 meum

253 3787 359 3844 reniet.
402 3785 550 3844 Hactenus
563 3787 678 3860 quidem
702 3803 758 3860 pro
777 3805 842 3847 mea
863 3787 1034 3847 necessitate
1046 3789 1115 3846 aetia
1139 3787 1250 3844 dictum
1271 3789 1348 3847 tuit:
1410 3824 1411 3853 r

254 3869 286 3923 tu
299 3885 370 3926 uero
383 3867 463 3942 milri,
479 3867 498 3926 6
512 3885 575 3926 mea
597 3870 741 3942 voluptas,
756 3858 812 3928 or'o
833 3875 878 3946 te,
890 3869 973 3944 aperi
993 3871 1112 3944 eutium,
1125 3874 1157 3928 et
1177 3871 1352 3944 amplectere

159 3949 162 3955 ’
253 3963 310 4005 me.
351 3945 470 4022 Quippe
485 3955 606 4025 propter
620 3955 648 4007 te
661 3951 777 4008 labores
791 3954 950 4025 perpetior.
992 3947 1175 4009 Oludicrum
1189 3967 1285 4008 meum
1298 3970 1350 4010 an·

254 4027 378 4102 reolum,
393 4027 518 4087 Veneris
531 4049 660 4105 germen,
675 4029 772 4088 Musae
786 4032 915 4110 apicula,
928 4028 1099 4090 Gratiarum
1109 4033 1234 4101 alumna,
1248 4029 1350 4091 Molli·
1409 4100 1410 4107 ἵ

254 4105 305 4206 tlei
316 4106 413 4182 iacies,
427 4112 521 4187 aperi,
537 4112 711 4186 amplectere
724 4128 769 4170 me
777 4131 789 4186 ;
810 4116 919 4191 quippe
932 4118 1055 4190 propter
1067 4119 1099 4173 te
1117 4115 1233 4173 labores
1246 4130 1351 4193 perpe·

253 4194 365 4330 noAN.
381 4269 409 4330 1.
430 4269 510 4330 Heus
524 4276 568 4347 tu,
583 4275 650 4347 quid
665 4273 760 4351 pultat
771 4274 899 4334 ortium?
921 4292 1004 4336 mene
1016 4275 1176 4353 queritat?

292 4349 361 4412 AD.
383 4349 625 4430 Haudquaquam.
900 4376 902 4382 ’
