2875 4984
422 403 426 417 .
535 358 719 424 VESPAE.
1098 366 1158 425 2²⁸

82 532 86 541 '
113 518 234 581 PUER.
256 519 321 595 Age
332 535 413 593 rere,
426 521 464 579 ml
477 522 570 594 pater,
584 520 608 577 rl
621 519 747 578 noluerit
758 514 870 579 Pretor
882 534 959 577 nune
971 516 1033 575 lieri
1046 536 1157 577 conser-

71 621 136 657 enm
146 603 284 677 judicum,
298 604 373 660 unde
385 620 507 659 ememor
520 599 689 675 prandium?
711 601 833 659 hanone
856 618 934 674 rpem
956 599 1081 672 aliquem
1106 601 1158 659 bn.

71 700 144 739 nem
157 683 253 758 nobie,
266 689 318 740 eut
331 686 407 741 mom
422 680 524 739 Helice
537 679 679 739 ramam?

114 761 243 820 CHOR.
265 762 398 837 Apnpaei
418 762 492 819 beu!
514 760 649 835 Equidem
669 762 766 821 bercle
786 760 892 830 nescio,
905 760 979 818 nude
998 758 1081 817 uobis
1103 760 1159 819 erit

72 860 172 899 coeno.

115 920 237 984 PUER.
252 921 371 980 Cnr.me
382 940 452 997 ergo
465 922 612 997 peperisti,
627 921 647 982 d
660 921 759 980 infelix
773 925 874 995 muter,
884 925 917 981 nt
923 919 1064 978 molestior
1070 919 1157 979 suffe.

72 1020 140 1058 ram
155 1004 186 1058 in
199 1003 302 1059 alendo
316 1002 419 1075 petrei

117 1076 246 1139 CHOR.
270 1083 374 1143 inutile
387 1100 465 1157 ergo,
479 1082 499 1141 o
516 1084 640 1154 saecule,
654 1088 684 1141 te
695 1078 780 1139 habui
792 1080 888 1137 decor.

119 1159 240 1221 PUER.
262 1162 339 1238 Hert,
352 1164 429 1224 beu!
451 1165 545 1236 parati
558 1164 640 1223 nobie
652 1169 719 1222 sunt
731 1161 859 1239 gemitur.

76 1416 332 1499 PHILOCLEO,
348 1418 520 1499 CHORUS,
535 1416 794 1497 BDELYCLEO,
808 1416 933 1499 sosm,
952 1414 1159 1500 ΧΔΝΤΗΙΑ,

567 1525 696 1586 CANIS.

122 1654 233 1715 PillL.
254 1656 360 1730 Amici,
375 1658 482 1716 dodum
496 1662 624 1733 uberco,
639 1675 691 1733 per
711 1656 841 1715 foramen
863 1672 913 1715 ros
923 1656 1052 1733 endieur,
1067 1659 1163 1717 robir.

80 1756 139 1809 qne
153 1756 321 1810 responsore
330 1740 453 1812 cupiens.
483 1740 538 1799 sed
549 1756 649 1797 canere
659 1756 777 1811 nequeo.
809 1737 886 1806 Quid
903 1739 1007 1813 ugerni
1028 1741 1163 1798 udeervnr

80 1822 123 1873 ab
146 1818 218 1874 istie.
260 1816 435 1894 iampridem
460 1821 534 1877 enim
562 1823 648 1893 cupio
662 1819 806 1877 vobiscum
829 1818 919 1877 iread
944 1836 1027 1878 urnas
1042 1820 1163 1894 jndicio·

80 1898 156 1966 rias,
170 1904 200 1955 et
212 1898 278 1955 meli
291 1899 358 1969 quid
372 1899 475 1957 locere.
517 1899 582 1972 Sed,
601 1902 619 1958 ὂ
642 1899 768 1973 Jupiter,
784 1907 854 1957 tone
875 1899 1065 1973 veliementer,
1078 1908 1107 1959 et
1119 1918 1164 1959 me

81 1979 187 2033 subito
200 1977 247 2035 lae
261 1979 378 2048 lumem,
392 1988 443 2036 aut
460 1978 676 2053 Proxeniedem,
691 1986 740 2037 aut
761 1980 828 2037 Selli
844 1979 941 2054 lilium,
957 1980 1009 2053 qui
1028 1982 1164 2039 mentitur

83 2058 271 2115 labruseum:
292 2076 329 2115 ne
339 2061 451 2131 dubita,
467 2059 486 2117 ὃ
501 2078 562 2133 rex,
575 2062 651 2117 istud
664 2061 732 2115 milri
745 2058 912 2135 gratificari,
927 2066 1033 2117 sortem
1050 2061 1166 2118 misere.

82 2144 136 2195 tue
150 2156 259 2195 meeme
281 2144 332 2195 unt
344 2157 388 2196 me
400 2140 517 2196 fulmine
529 2140 640 2198 erdenli
655 2140 766 2197 einelec
780 2140 879 2197 ocius:
902 2139 1004 2198 duride
1016 2158 1062 2197 mn
1071 2141 1166 2197 suble·

81 2225 150 2273 tum
164 2218 232 2274 liuto
247 2219 358 2291 impelle
369 2219 400 2275 in
412 2220 520 2277 acidam
534 2224 649 2279 mnrium
664 2221 840 2290 terrentem3
862 2225 913 2277 aul
933 2238 978 2279 me
1000 2222 1030 2278 in
1042 2220 1165 2297 lapidem

83 2298 170 2354 illum
186 2306 330 2371 converte,
345 2318 428 2374 super
442 2319 498 2372 qno
512 2303 635 2359 calculos
647 2302 838 2358 dinumerant.

129 2375 253 2434 CHOR.
275 2378 346 2446 Quis
366 2387 409 2437 eet
429 2399 510 2456 ergo,
524 2384 574 2455 qui
595 2389 624 2439 te
646 2381 687 2438 sic
714 2382 839 2456 cohibet,
862 2386 892 2439 et
915 2381 1040 2439 occludit
1064 2380 1165 2440 ieret?

85 2456 167 2526 Die,-
189 2476 255 2515 num
268 2458 364 2517 amicir
377 2460 493 2519 dixerit.

129 2535 234 2596 Pilio.
255 2536 370 2599 Gnatus
383 2560 472 2599 meus.
514 2540 569 2598 Sed
583 2560 619 2599 ne
632 2543 769 2600 clamate:
790 2543 891 2599 etenim
905 2543 934 2599 in
943 2543 1086 2600 anteriore
1098 2561 1167 2617 par.

87 2624 120 2675 te
132 2620 234 2675 aedinm
247 2621 380 2693 dormitq
396 2623 444 2679 sed
456 2622 637 2679 submissiore
649 2640 721 2682 voce
732 2622 893 2693 loquimini.

130 2696 253 2756 CHOR.
276 2702 317 2758 At
331 2703 384 2759 ista
395 2702 513 2774 iaciens,
528 2700 547 2758 ὂ
563 2708 694 2775 nugator,
705 2718 827 2774 quonum
841 2719 899 2758 are
913 2717 943 2757 se
954 2700 1167 2773 prohibiturum

87 2784 120 2836 te
133 2781 261 2853 cogiue?
282 2798 431 2852 quemnam
445 2780 598 2855 pretendit
611 2781 742 2839 causam?

135 2856 243 2918 Prile.
263 2860 331 2920 Non
346 2863 411 2919 rirrit
423 2879 478 2934 me,
492 2861 615 2932 domici,
624 2862 763 2936 judicare,
776 2878 828 2918 nec
838 2859 981 2934 quidpiam
993 2860 1168 2922 malilueere.

90 2939 149 2999 Sed
163 2958 207 2997 me
220 2942 356 3001 conviviis
368 2942 527 3001 exhilarare
540 2953 656 3016 peretur
668 2950 711 3000 est
719 2962 729 3013 3
751 2962 804 3017 ego
818 2948 912 2999 autem
926 2942 1010 2999 nolo,

134 3018 257 3079 CHOR.
281 3017 410 3098 Heceine
423 3025 547 3096 impurus
562 3024 609 3079 ille
621 3041 706 3081 ausus
723 3029 764 3081 est
778 3022 894 3098 hiscere,
910 3019 1013 3099 Populi
1027 3027 1057 3080 ct
1080 3019 1166 3081 Cleo-

93 3104 140 3159 nin
154 3119 234 3175 osor,
249 3102 318 3176 quie
330 3105 460 3161 nimirum
473 3104 620 3161 veredicis
634 3106 669 3161 de
681 3101 823 3161 naribus?

135 3179 241 3241 PHIL.
264 3182 419 3257 Nunquam
431 3185 563 3241 saneiete
582 3183 668 3241 borno
691 3185 747 3242 boe
768 3200 853 3243 eurus
874 3182 973 3243 luisset
992 3183 1097 3260 dicere,
1111 3185 1167 3244 nini

105 3262 309 3335 conjurationis
322 3271 394 3322 esset
404 3264 523 3338 alicujus
537 3264 688 3339 particeps.
1054 3276 1057 3283 ’

137 3340 261 3401 CHOR.
282 3345 336 3402 Sed
346 3345 407 3403 brec
418 3362 506 3416 quum
520 3346 560 3401 ite
573 3344 640 3413 sint,
656 3357 765 3418 tempus
778 3350 821 3401 est
833 3347 996 3417 maximum,
1014 3352 1045 3401 nt
1058 3363 1168 3416 qureret

94 3441 202 3481 nornen
214 3425 330 3498 aliquod
343 3432 544 3499 commentum,
558 3425 634 3496 quod
648 3432 677 3482 te
690 3424 777 3481 iaciat
791 3427 862 3482 clem
874 3427 930 3483 isto
953 3426 1016 3481 niro
1039 3425 1095 3482 hnc
1118 3429 1169 3485 de.

94 3504 239 3560 recodere.

137 3580 243 3640 PHlL.
262 3580 404 3651 Quidnam
418 3585 446 3641 id
458 3602 518 3641 erse
530 3583 642 3658 possit?
665 3603 716 3642 ros
730 3584 855 3657 querite.
876 3596 878 3601 ’
897 3582 970 3641 Nam
984 3602 1038 3657 ego
1057 3584 1168 3656 quodli.

96 3664 270 3738 bellacium,
286 3671 366 3721 tante
385 3664 475 3738 dagro
498 3666 650 3739 eupiditate
673 3684 724 3739 per
747 3665 879 3723 subsellio
891 3666 1008 3737 spatiari
1022 3680 1086 3722 cum
1111 3668 1169 3723 col.

98 3746 173 3801 culo.
196 3773 200 3782 ·
495 3796 499 3803 .

89 3879 93 3884 .
138 3821 264 3881 CHOR.
284 3822 380 3888 Estne,
395 3842 498 3896 quero,
512 3824 639 3885 toramen
653 3828 782 3899 aliquod,
794 3827 869 3901 quod
880 3826 952 3885 inlus
963 3825 1055 3899 'postis
1069 3828 1168 3901 perso.

97 3906 176 3972 dere,
188 3913 276 3978 etque
288 3906 363 3962 elabi
376 3904 477 3977 pannio
490 3912 590 3977 tector,
605 3908 646 3963 uti
657 3909 774 3965 collidus
787 3908 834 3964 ille
848 3905 988 3983 Ulysres?

139 3982 244 4041 Pllll,
267 3984 373 4041 Omnia
384 3993 451 4041 runt
464 3987 595 4058 obsepta,
609 4004 662 4045 nee
676 3990 721 4047 rel
739 3988 864 4045 lormicae
880 3994 958 4065 petet
975 3988 1074 4044 eritne.
1114 3988 1169 4049 Sed

97 4065 174 4119 alind
187 4066 329 4139 quidpiam
343 4084 471 4139 quaerere
491 4083 542 4123 ros
555 4073 691 4139 oportete
713 4086 767 4142 per
787 4068 915 4125 loremen
935 4084 1087 4142 perrepere
1109 4088 1169 4130 uon

97 4145 174 4202 licet.
341 4156 345 4162 '

139 4221 262 4281 CHOR.
284 4223 470 4284 Meministin'
484 4246 564 4301 ergo,
580 4233 612 4286 nt
625 4228 746 4288 militans
769 4226 835 4287 olim
846 4228 957 4287 iuratur
968 4246 997 4288 es
1011 4246 1107 4300 verne,
1121 4228 1169 4287 lin.

98 4322 156 4376 qno
167 4305 297 4387 depactio!
306 4308 335 4363 in
347 4325 459 4365 murum
472 4326 508 4366 ex
521 4327 556 4367 eo
571 4315 598 4368 te
607 4310 751 4386 demisisti,
759 4310 874 4383 qnando
888 4309 986 4375 Nonus
997 4314 1081 4385 coptu
1092 4308 1168 4368 fult?
