2875 4984
529 265 741 328 PIiUTUs.
1117 276 1174 327 105

87 427 210 508 babant,
225 433 404 506 quantopere
418 427 584 489 existimas?
607 429 727 489 Plutum
742 429 865 504 amplexi
879 432 958 505 suut,
971 433 1001 489 et
1014 435 1076 489 tota
1089 438 1176 490 nocte

83 511 252 587 vigilarunt,
266 514 419 586 usquedum
434 511 538 568 illuxit.
582 509 644 586 Ego
658 520 752 569 autem
773 511 922 569 laudabam
934 511 1014 570 deum
1036 513 1176 569 maximo.

83 611 168 666 pere,
183 595 261 667 quod
279 596 336 651 cito
350 590 466 651 Plutum
480 593 592 650 fecisset
607 596 758 668 videntem,
771 592 937 652 Neoclidem
950 611 1020 651 vero
1033 595 1120 668 magia
1132 594 1175 651 fe·

82 674 170 732 cisset
185 692 302 733 coecum.

124 755 233 813 mut..
255 754 396 823 Quantam
408 755 495 814 habes
513 755 680 832 potentiam,
698 753 716 814 ὂ
739 771 791 811 rex
809 752 938 810 domiue!
962 752 1017 812 Sed
1029 756 1075 812 dic
1095 755 1174 825 mihi,

82 839 135 893 nbi
149 845 195 893 est
208 834 306 894 Plutus
318 835 350 891 ἶν’

125 915 224 974 CAR.
248 916 345 974 Venit.
388 913 495 975 Verum
511 917 587 972 circa
607 933 670 971 eum
685 921 747 972 erat
759 916 893 971 immensa
912 915 1060 973 hominum
1079 918 1173 974 turba.

83 998 146 1065 Qui
161 1000 237 1055 enint
253 999 329 1071 prius
342 997 412 1072 justi
425 999 549 1071 ruerant,
565 998 730 1069 victumque
744 998 901 1053 habuerant
913 999 1067 1070 modicum,
1083 999 1175 1072 ipsum

82 1080 336 1152 amplexabantur,
351 1081 567 1152 salutabautque
581 1095 677 1134 omnes
689 1080 791 1151 gaudio
803 1077 910 1151 pertusi
924 1097 931 1134 :
955 1079 1175 1151 quicunqueau-

84 1169 143 1217 tent
156 1161 273 1216 fuerant
283 1159 394 1233 divites,
409 1178 534 1234 opesque
547 1160 649 1214 multas
662 1161 832 1231 imbuerant,
848 1167 877 1214 et
894 1159 999 1215 victum
1019 1159 1072 1216 sibi
1086 1158 1175 1234 injus-

84 1249 115 1297 ta
131 1241 245 1299 ratione
261 1239 479 1312 acquisiverant,
493 1242 643 1313 supercilia
657 1241 875 1311 contrahebant,
891 1241 1058 1313 vultumque
1073 1260 1130 1314 prae
1146 1259 1176 1298 se

84 1324 220 1378 terebant
233 1325 374 1384 tetricum.
418 1321 465 1378 llli
479 1333 569 1378 autem
592 1339 667 1394 pone
679 1324 880 1393 sequebantur,
896 1323 976 1377 sertis
990 1322 1122 1391 redimiti,
1139 1323 1175 1378 ri.

84 1405 194 1468 dentes,
211 1405 287 1459 bona
303 1404 390 1459 verba
411 1403 557 1460 diceutes:
581 1405 753 1475 personabat
773 1412 865 1459 autern
889 1404 999 1458 calceus
1021 1421 1130 1483 senum,
1145 1403 1176 1459 in

84 1500 236 1539 nnmerum
251 1485 414 1555 compositis
428 1485 569 1557 gressibus
582 1485 718 1539 euntium.
761 1483 814 1540 Sed
829 1484 872 1538 eia
886 1501 981 1538 omnes
996 1484 1105 1556 pariter
1117 1500 1175 1540 uuo

84 1564 190 1620 ordine
203 1565 314 1636 saltate,
328 1563 493 1638 tripudiate,
508 1565 625 1620 choreas
642 1564 758 1620 ducite:
782 1581 865 1619 nemo
877 1566 950 1620 enim
965 1565 1046 1620 vobis
1059 1565 1175 1620 domum

85 1645 219 1719 ingressis
233 1644 387 1714 nuntiabit,
396 1645 516 1701 farinam
528 1663 586 1700 non
601 1646 690 1701 inesse
703 1647 733 1700 in
749 1661 843 1700 sacco.

127 1723 230 1781 MUL.
254 1725 397 1798 Equitem,
412 1727 451 1782 ita
464 1725 532 1782 mibi
546 1723 653 1782 Hecate
679 1726 806 1798 propitia
819 1727 865 1796 sit,
882 1725 950 1781 volo
960 1741 1112 1782 coronare
1134 1731 1174 1799 te,

83 1809 125 1863 ob
140 1808 237 1863 laetum
251 1807 395 1879 nuntium,
412 1824 515 1880 panum
530 1803 835 1876 clibanitiorumserie,
849 1808 898 1877 qui
912 1807 979 1862 talia
989 1806 1174 1865 nuntiaveris.

127 1885 224 1943 CAR.
247 1885 293 1944 Ne
313 1905 382 1961 crgo
405 1894 541 1945 cunctare
554 1887 692 1960 amplius:
716 1886 776 1960 jam
800 1887 874 1944 enim
890 1887 942 1942 viri
956 1887 1058 1943 adsunt
1081 1907 1174 1962 prope

82 1969 200 2024 ostium.

125 2045 231 2105 MUL.
252 2048 316 2122 Age
331 2065 401 2104 vero
421 2046 536 2103 denium
559 2047 693 2122 ingressa,
708 2047 823 2103 afferam
839 2048 967 2118 bellaria,
984 2054 1119 2119 tanquam
1142 2049 1172 2104 iu

82 2147 185 2186 recens
199 2135 288 2184 emtos
303 2131 402 2186 oculos
415 2127 594 2183 effundenda.

126 2207 220 2264 CAR.
244 2207 304 2282 Ego
318 2215 408 2266 autem
424 2209 535 2264 obviam
549 2207 705 2280 procedere
718 2208 772 2264 illis
785 2207 863 2266 volo.

126 2288 255 2347 CllOR.
278 2287 390 2364 (Deest
404 2286 496 2348 Ultori
510 2289 732 2360 contiuncula.)
1215 2355 1218 2358 ὴ

125 2369 245 2429 PLUT.
268 2369 305 2426 Et
318 2370 429 2443 quidem
450 2371 572 2442 primum
593 2371 684 2426 saluto
701 2370 806 2444 Solem,
823 2370 923 2427 deinde
946 2372 1026 2427 almae
1050 2367 1173 2431 Palladis

82 2454 226 2526 inclytum
239 2453 344 2524 solum,
361 2454 572 2524 universamque
586 2449 725 2524 Cecropis
739 2454 893 2526 regionem,
906 2469 969 2524 quar
991 2469 1036 2509 me
1050 2454 1173 2526 excepit.

82 2533 178 2590 Pudet
190 2539 282 2590 autem
296 2551 340 2589 me
353 2533 469 2588 miserie
484 2551 563 2590 meae.
605 2531 692 2588 Mene
706 2551 771 2588 cum
784 2534 941 2588 istiusmodi
955 2533 1115 2588 hominibus
1131 2537 1174 2589 iu-

82 2617 174 2672 scium
188 2613 364 2672 convixisse!
385 2614 450 2670 illos
463 2620 570 2685 antem,
580 2614 629 2684 qui
643 2614 722 2686 digni
734 2621 817 2668 eraut
831 2631 894 2668 meo
904 2613 1058 2678 consortio,
1068 2613 1175 2687 iugita-

82 2698 124 2770 vi,
140 2697 265 2752 omnium
281 2713 374 2752 rerum
388 2696 513 2768 ignarus,
528 2712 582 2767 ego
595 2694 689 2750 miser.
732 2691 825 2760 Quam
838 2694 911 2748 male
924 2698 1077 2764 utrumque
1095 2693 1174 2751 fecii

81 2780 132 2833 sed
148 2778 280 2834 omnibus
295 2776 323 2832 in
337 2775 511 2832 contrarium
528 2774 682 2840 conversis,
695 2773 840 2828 ostendam
856 2773 988 2843 deinceps
997 2773 1107 2828 cunctis
1121 2775 1176 2831 bo·

81 2859 217 2930 minibus,
233 2874 317 2928 quarn
332 2857 436 2912 invitus
450 2857 596 2928 meipsum
609 2853 747 2927 improbis
760 2852 931 2909 tradiderim.

125 2936 286 2995 efluunt.
308 2935 333 2993 F
333 2955 426 2994 ecesse
439 2938 468 2992 in
481 2937 583 2993 malam
597 2953 666 2991 rem.
708 2933 802 3002 Quam
816 2934 927 2990 molesti
939 2936 1006 2988 sunt
1019 2931 1111 3003 amici,
1125 2937 1174 3005 qui

82 3021 180 3076 statim
195 3025 336 3092 apparent
353 3018 495 3092 protinus,
515 3034 601 3090 quum
621 3017 682 3090 quis
697 3033 837 3088 prospera
850 3016 939 3070 utitur
958 3013 1098 3070 fortuna!
1120 3011 1173 3071 Et.

82 3103 159 3157 enim
173 3099 310 3170 iudicant,
325 3104 354 3154 et
372 3099 454 3154 libias
468 3089 584 3170 fricant,
600 3098 774 3154 declarantes
796 3097 986 3169 uuusquisque
1003 3095 1174 3171 benevolen-

86 3183 156 3237 tiam
166 3182 323 3252 quamdam.
345 3177 417 3236 Nam
429 3180 490 3252 quis
501 3197 545 3235 me
555 3195 613 3234 non
622 3179 777 3236 salutavit?
800 3195 930 3250 quaenam
940 3193 984 3234 me
998 3175 1027 3232 in
1038 3173 1106 3232 toro
1114 3193 1174 3232 non

84 3262 270 3318 circumdedit
283 3261 376 3317 senilis
388 3257 496 3316 turba?
868 3322 874 3326 ¹

128 3337 230 3400 MUL.
253 3339 401 3398 Carissime
415 3342 470 3410 vir,
484 3345 513 3396 et
526 3346 555 3395 tu
568 3343 597 3396 et
611 3347 641 3394 tu
656 3340 772 3396 salvete.
814 3340 879 3416 Age
897 3355 982 3404 nune,
999 3335 1086 3394 moris
1099 3337 1174 3394 enim

85 3430 140 3493 est,
158 3424 274 3478 bellaria
287 3423 340 3478 ista
354 3440 457 3478 sumam
468 3427 497 3478 et
510 3429 538 3476 te
551 3421 584 3476 iis
599 3420 780 3493 pertundam.
891 3490 893 3493 .

127 3501 247 3560 PLUT.
267 3500 465 3576 Nequaquam.
509 3499 640 3557 Maenim
651 3503 786 3573 primum,
798 3504 948 3573 postquam
960 3498 1051 3554 visum
1064 3497 1171 3569 recepi,

83 3586 202 3642 domum
217 3583 401 3658 ingrediente,
415 3583 483 3640 nihil
497 3583 599 3639 efferre
611 3582 703 3655 decet,
718 3583 765 3638 sed
781 3583 877 3656 potius
892 3580 1007 3637 inferre.

128 3663 233 3722 MUL.
257 3662 338 3721 Itane
350 3684 408 3722 non
422 3663 542 3738 accipies
556 3664 673 3720 bellaria
687 3661 770 3720 bac?

127 3743 248 3803 PLUT.
272 3743 355 3802 Intus
365 3747 476 3818 quidem
492 3745 565 3818 apud
579 3743 686 3815 locum,
701 3745 742 3800 uti
755 3762 816 3801 mos
829 3746 882 3800 est·
923 3738 1067 3798 Preterea
1081 3735 1173 3793 irrisi·
1261 3734 1275 3744 “

86 3847 172 3884 onem
186 3829 226 3883 sic
238 3841 351 3899 quoque
364 3826 525 3882 vitabimus.
569 3821 638 3881 Non
650 3825 725 3881 enim
735 3827 816 3882 decet
829 3821 943 3898 poiitam
953 3823 1060 3878 caricas
1069 3823 1100 3874 et
1112 3818 1175 3874 bel·
1248 3826 1253 3835 ’

85 3911 159 3966 laria
173 3907 385 3981 spectatoribus
400 3904 554 3980 projicere,
570 3915 601 3962 et
616 3906 674 3962 istis
688 3924 737 3963 eos
748 3907 783 3963 ad
798 3906 884 3961 risum
899 3902 1078 3975 compellere.

130 3987 234 4046 MUL.
257 3985 349 4044 Recte
367 4003 485 4061 prorsus
505 3992 645 4042 autumas.
686 3985 762 4044 Nam
777 4003 843 4052 ecee
865 3983 1019 4042 Dexiuicus
1039 3983 1094 4041 iste
1111 3979 1171 4054 jam

84 4073 224 4138 surrexit,
240 4075 369 4139 tanquam
383 4073 545 4141 arrepturus
561 4067 676 4123 caricas.

129 4147 256 4207 CHOR.
279 4149 391 4226 (Deest
403 4151 545 4209 canticum
560 4143 681 4218 Cleri.)

171 4248 239 4288 ΥΟΕ.
265 4248 310 4290 Π.
632 4245 648 4282 P
