2875 4984
279 347 337 406 102
640 335 1033 400 sulsuouuuuls

278 499 308 557 in
323 495 442 572 pueris:
462 494 565 554 etenim
579 495 620 552 illi
635 501 731 570 potres
743 495 878 571 ln'gitaut,
893 497 940 568 qui
953 498 1026 569 bene
1044 497 1165 572 cupiunt
1178 497 1247 572 ipsis
1260 517 1270 556 e
1296 499 1377 556 adeo

279 580 391 638 difficile
404 583 448 635 est
460 580 625 652 dignoscere
639 579 666 634 id
682 579 757 650 quod
769 578 879 651 justum
892 578 945 636 esti

319 656 475 718 CHREM.
496 656 580 716 Dices
592 660 687 730 itaque
696 657 800 716 dorem
811 659 948 717 nonsatis
960 659 1129 736 dignoscere
1137 661 1218 734 quod
1237 660 1276 717 sit
1287 659 1376 738 opti·

278 758 372 798 mum:
395 757 459 796 nam
474 744 502 796 et
515 739 564 796 ille
577 739 687 796 divitias
700 740 796 796 habet.

319 819 432 879 BLEP.
453 819 538 878 Hanc
551 826 644 878 autem
659 821 695 877 ad
710 839 762 876 nos
775 821 898 894 ableget.
1127 880 1130 885 ,

319 899 440 960 PAUP.
462 904 506 958 At
527 901 607 974 dqui
627 907 749 958 mentem
771 902 938 975 lippientem
951 901 1061 959 bebetis
1081 899 1221 975 Saturniis
1234 901 1370 976 gremiis,

280 983 397 1057 Jupiter
410 983 491 1056 inops
505 983 674 1055 estutiquc;
697 982 784 1053 idque
794 981 854 1054 jam
869 983 984 1040 clarete
994 982 1116 1039 docebo.
1158 981 1188 1039 Si
1202 983 1278 1038 enirn
1286 982 1372 1039 dines
1419 991 1421 1069 i

275 1071 363 1134 esset,
379 1065 525 1136 quomodo
540 1065 688 1120 instituens
703 1063 765 1136 ipse
786 1061 989 1138 Olympiacum
1011 1070 1161 1128 certamen,
1177 1063 1228 1118 ubi
1241 1059 1371 1121 Graecos
1419 1076 1421 1167 p

279 1147 427 1204 uniuersos
443 1146 544 1218 quinto
558 1161 672 1216 quoqne
688 1160 767 1201 anno
780 1151 944 1218 congregat,
959 1147 1151 1218 proclamaret
1162 1142 1288 1200 victores
1302 1146 1374 1201 ath·
1419 1170 1421 1223 p

278 1228 359 1365 dem,
374 1232 527 1284 coronatos
541 1227 654 1284 oleastri
668 1223 772 1283 remo?
794 1225 874 1298 atqui
886 1243 958 1282 auro
972 1225 1069 1299 potius
1078 1226 1242 1299 oportebat,
1254 1225 1279 1280 si
1292 1231 1370 1282 esset
1419 1226 1421 1295 l

299 1325 366 1366 sves.

321 1384 478 1448 CHREM.
500 1384 566 1444 Hoc
579 1387 642 1461 ipso
662 1403 731 1460 ergo
745 1386 870 1443 ostendit
886 1386 948 1456 ille,
961 1403 992 1442 se
1011 1388 1104 1462 magni
1124 1387 1219 1442 lacere
1239 1385 1365 1443 divitias.

273 1468 356 1530 vDum
370 1471 443 1526 enim
462 1469 554 1542 percit
574 1476 603 1524 et
622 1469 692 1526 nihil
705 1486 804 1524 earum
818 1469 880 1525 volt
898 1468 1019 1543 erogari,
1033 1468 1157 1540 dumque
1173 1469 1258 1524 rebus
1280 1467 1367 1555 nihili
1419 1488 1420 1549 ξ

279 1550 405 1608 victores
419 1556 553 1623 coronat,
565 1548 677 1606 divitias
692 1549 745 1604 sibi
758 1556 864 1606 serrat.

319 1629 438 1690 PAUP.
462 1628 534 1686 Rern
549 1632 574 1689 ei
588 1633 679 1686 multo
694 1629 863 1702 turpiorem,
878 1645 963 1701 quam
983 1632 1026 1684 est
1039 1625 1146 1702 inopia,
1160 1628 1257 1686 studes
1272 1628 1366 1686 adtin-

277 1731 353 1788 gere‚
368 1715 400 1780 si,
414 1711 490 1767 dives
504 1729 592 1781 quum
606 1710 653 1781 sit,
664 1711 740 1765 adeo
754 1716 797 1765 est
809 1710 937 1766 sordibus
949 1715 981 1766 et
992 1707 1063 1766 lucri
1077 1710 1208 1781 cupidus.

316 1789 470 1850 CHREM.
493 1790 547 1848 Sed
562 1798 589 1848 te
601 1787 719 1864 Jupiter
733 1791 833 1863 perdet
846 1791 970 1846 oleastro
983 1791 1065 1861 prins
1078 1791 1244 1846 redimitam.
1418 1846 1421 1871 t

318 1870 437 1932 PAUP.
460 1871 560 1928 Vosne
581 1871 647 1927 mitri
661 1888 746 1927 susos
768 1871 973 1937 contradicere,
988 1872 1070 1942 quasi
1083 1889 1142 1927 non
1162 1871 1261 1928 omnia
1282 1872 1366 1928 robis
1419 1888 1420 1891 ’

278 1952 355 2010 bona
369 1955 501 2011 eveniant
516 1959 635 2024 propter
650 1951 865 2024 paupertatem!

319 2032 474 2094 CHREM.
498 2032 540 2090 Er
554 2032 664 2090 Hecate
678 2033 733 2090 hoc
747 2051 875 2104 quaerere
887 2032 966 2104 licet,
980 2051 1018 2088 an
1034 2035 1181 2104 ditescere,
1196 2051 1232 2088 an
1246 2049 1321 2089 vero
1335 2053 1365 2090 e.

278 2116 367 2174 surire
380 2119 417 2174 sit
431 2117 541 2173 melius.
585 2113 662 2172 Dicit
676 2117 750 2172 euim
764 2132 825 2182 cos,
835 2117 885 2186 qui
895 2113 1043 2172 abundant
1056 2115 1169 2188 opibus,
1185 2131 1295 2170 coeuam
1310 2115 1366 2172 sibi
1413 2125 1421 2145 t

277 2199 395 2270 singulis
409 2197 550 2252 mensibus
563 2195 726 2266 adpositum
740 2196 847 2269 venire,
860 2213 922 2252 eam
936 2213 1005 2252 vero
1020 2211 1160 2269 pauperos
1173 2197 1302 2252 homines
1319 2214 1366 2253 ra·

277 2292 356 2350 pere,
370 2279 532 2352 priusquam
546 2274 677 2346 adposita
690 2274 736 2330 sit.
778 2272 832 2331 Sed
844 2276 974 2349 perieris,
988 2283 1017 2333 et
1038 2295 1074 2334 ne
1087 2275 1190 2334 muties
1211 2277 1364 2351 quicquam

277 2359 410 2430 amplius.
453 2355 484 2413 N
488 2374 524 2411 un
540 2354 614 2412 enim
630 2354 824 2428 persuadebis,
838 2359 948 2414 temetsi
963 2357 1138 2430 persuadeas.
1418 2364 1421 2441 t

318 2436 436 2496 PAUP.
459 2435 485 2493 0
501 2438 577 2492 cives
591 2433 708 2508 Argivi,
723 2437 824 2493 audite
837 2437 940 2511 quattu
949 2438 1037 2496 dicct.
1419 2446 1420 2529 l

318 2515 477 2576 CHREM.
499 2514 658 2574 Pausonem
671 2515 774 2574 invoca
787 2521 1001 2577 commensalem
1015 2525 1100 2577 tuum.
1419 2536 1420 2565 ³

316 2597 436 2658 PAUP.
459 2596 535 2666 Quid
545 2615 625 2672 agam
639 2596 763 2656 misera?
824 2593 837 2620 ⁶

318 2677 474 2738 CHREM.
499 2677 534 2736 In
548 2680 696 2736 maximam
710 2680 813 2736 malam
827 2698 939 2739 crucem
952 2681 1000 2739 ebi
1015 2681 1092 2738 ocius
1105 2702 1123 2738 a
1135 2681 1229 2740 nobis.

315 2759 436 2820 PAUP.
457 2760 603 2829 Quorsum
617 2765 710 2817 autem
725 2759 809 2818 eonii

316 2841 474 2902 CHREM.
496 2841 532 2898 In
548 2859 666 2897 nervum
680 2842 740 2898 itos
763 2859 799 2898 ne
813 2859 898 2909 cessa,
912 2843 960 2898 scd
975 2861 1110 2915 propera.
1419 2906 1420 2909 Ἴ

315 2921 437 2981 PAUP.
459 2920 549 2992 Atqui
565 2939 614 2980 vos
630 2939 673 2977 mc
683 2920 834 2994 aliquando
847 2921 904 2978 huc
918 2925 1073 2981 arcessetis.
1419 2912 1420 2967 3

315 2999 473 3061 CHREM.
495 2999 568 3058 Tum
589 3002 710 3059 redibis:
742 3020 902 3062 nuncvero
920 3004 1052 3061 tenuior.
1093 3002 1201 3063 Melius
1221 3008 1265 3062 est
1284 3007 1357 3063 euim
1419 2978 1421 3057 l

275 3094 309 3144 ut
322 3102 375 3159 ego
388 3083 541 3141 ditescam:
564 3089 614 3139 tuo
627 3091 722 3139 autem
735 3085 821 3155 capiti
834 3087 906 3142 male
918 3086 963 3142 sit.
1419 3108 1420 3151 3

315 3161 427 3220 BLEP.
449 3161 585 3235 Equidem
607 3163 702 3220 hercle
722 3166 790 3221 volo
809 3164 888 3223 dives
907 3163 997 3223 iactus
1018 3165 1162 3224 convivari
1177 3184 1241 3223 cnm
1262 3167 1357 3224 liberis

274 3247 343 3303 meis
356 3250 385 3303 et
398 3261 507 3316 uxore3
530 3249 559 3300 et
571 3246 648 3303 lotus
660 3251 747 3319 atquc
760 3246 863 3303 nitidus
878 3247 1033 3321 procedens
1047 3265 1064 3304 c
1078 3248 1193 3323 balneo,
1208 3245 1356 3320 opificibus
1419 3296 1420 3311 ,

274 3332 304 3382 et
317 3324 484 3397 Paupertati
498 3325 651 3399 uppedere.
1419 3318 1420 3331 ¹

315 3405 470 3466 efluunt.
494 3404 587 3462 Nobis
601 3407 711 3478 quidem
727 3405 798 3464 abiit
811 3407 923 3481 perdita
935 3408 1008 3466 ista:
1032 3428 1085 3489 ego
1099 3428 1168 3467 roro
1182 3411 1211 3465 et
1224 3413 1254 3466 tu
1267 3407 1355 3468 Deum

274 3489 499 3563 quamcitissime
513 3487 649 3544 ducamus
662 3487 692 3542 iu
706 3485 857 3562 AEsenlapi
870 3489 981 3563 fanum,
995 3494 1030 3546 ut
1040 3491 1099 3547 illic
1111 3492 1234 3547 incubet
1306 3533 1309 3536 -

313 3565 426 3626 BLEP.
448 3567 479 3625 N
481 3587 496 3625 e
510 3587 578 3625 vcro
592 3586 741 3640 cessemus,
757 3588 793 3625 ne
806 3587 904 3627 rursus
916 3570 1018 3642 aliquis
1025 3572 1161 3630 accedens
1175 3571 1354 3646 impedimen·
1419 3622 1420 3641 ,

273 3656 306 3709 to
320 3651 367 3720 sit,
383 3667 442 3723 qno
456 3650 547 3706 minus
560 3648 708 3721 faciamus,
724 3649 802 3721 quod
816 3649 851 3706 ad
866 3669 923 3708 rem
935 3654 1086 3726 pertinent.

314 3728 470 3789 CHREM.
493 3727 572 3786 Heus
587 3728 675 3786 Cario
688 3731 805 3800 famule,
817 3734 943 3806 stragula
954 3734 1056 3792 efferre
1065 3737 1193 3807 oportet,
1207 3732 1354 3808 ipsumque

273 3809 356 3868 doum
368 3813 481 3882 ducere,
497 3810 689 3878 nemoriatur,
704 3815 854 3884 ceteraque
867 3816 959 3890 simul,
975 3833 1037 3889 que
1050 3814 1130 3873 intus
1142 3820 1244 3888 parata
1255 3825 1330 3874 sunt.

313 3891 438 3950 CllOR.
458 3889 569 3969 (Deest
582 3887 673 3950 Olore
686 3893 862 3965 cauticum.)
1320 3895 1326 3908 '

319 4095 461 4174 CAlth,
477 4095 649 4173 ClIORUS,
664 4095 843 4178 MULIER,
860 4099 1033 4178 PLUTUS,
1050 4084 1310 4163 CHREMYLUS.
1419 4052 1420 4107 ¹

309 4282 404 4344 CAR.
428 4283 519 4358 ani
533 4302 609 4359 sepe
621 4281 738 4344 Theseis
753 4282 877 4344 tenuiter
890 4284 1000 4360 epulati
1012 4285 1089 4360 estis,
1105 4302 1194 4359 senes,
1210 4301 1282 4360 panc
1302 4259 1365 4350 ud(

1419 4388 1420 4425 l
