2875 4984
487 366 729 441 EQUITES.
1088 374 1152 435 2⁷3

103 522 157 591 IS·-
174 524 290 603 Nempe
301 528 447 589 declarem
459 548 549 591 meum
562 534 678 607 nomen,
690 532 780 607 idque
790 550 927 609 perquam
939 534 1099 609 perspicue.

100 604 223 667 CLEO.
245 610 334 684 Atqui
347 614 414 669 volo
428 613 601 673 documento
613 617 766 690 explorare
779 634 815 673 an
831 634 971 691 congruae
994 635 1059 673 com
1080 632 1148 675 ore·

49 688 130 747 culo
144 707 153 747 r
177 696 252 749 etex
267 698 295 749 te
308 694 431 767 primum
444 694 500 753 boc
513 703 623 753 tantum
637 699 852 771 percontabor3
874 715 957 770 quem
976 698 1074 754 ludum
1087 698 1145 756 ire·

49 772 205 841 quentueti
219 772 312 846 puer?

98 848 149 909 IS.
173 849 210 908 In
225 853 326 911 culinis
339 857 531 914 concinnabat
543 857 658 933 pugnis.

97 928 222 993 CLEO.
244 932 319 1001 Quid
342 937 403 994 ais?
426 945 456 994 ut
480 941 598 997 oraculo
621 938 786 1012 percellitur
806 940 914 999 animus
937 937 1030 997 meus!
1054 934 1147 996 Estor

50 1012 131 1083 quid
145 1030 214 1071 vero
228 1017 303 1089 apud
316 1020 452 1089 palaestra
467 1019 631 1092 magistrum
644 1017 788 1077 didicisti?

94 1091 148 1151 IS.
168 1090 274 1153 durari
285 1105 314 1153 et
326 1098 434 1155 furtum
448 1100 590 1171 abjurare,
606 1110 746 1171 testesque
756 1099 787 1155 iu
801 1101 898 1157 oculos
911 1098 1026 1157 intueri.

96 1172 217 1234 cudo.
238 1175 266 1237 0
280 1175 384 1239 Phoebo
395 1178 504 1256 Apollo
519 1178 617 1257 Lycio,
629 1183 700 1256 quid
708 1182 827 1238 tandem
837 1180 1011 1257 majorico?
1031 1177 1139 1249 Quam·

53 1272 131 1311 uam
144 1274 214 1313 roro
227 1265 316 1315 artem
330 1264 475 1318 exercuisti
486 1260 546 1335 jam
560 1259 706 1320 adultior?

97 1334 148 1395 IS.
173 1334 256 1395 lsicia
270 1342 433 1398 vendebam.

98 1414 223 1475 CLEO.
245 1417 325 1486 Quid
338 1420 495 1495 praterea?

96 1494 147 1555 Is.
169 1496 322 1557 Futnebar.

96 1575 220 1639 CLEO.
243 1579 295 1638 Vae
309 1580 376 1639 mibi
397 1582 592 1641 infortunato!
613 1582 680 1641 Jam
704 1585 799 1640 nullus
822 1601 891 1641 snm.
935 1579 1047 1641 Tenuis
1063 1600 1145 1657 quio.

50 1658 128 1715 dom
152 1666 197 1717 ert
209 1679 285 1736 sper,
301 1680 364 1737 poce
387 1682 439 1719 nos
453 1668 587 1721 sustinet.
630 1664 932 1723 Etmibihoetautum
943 1664 1147 1739 dic,utrumin

46 1738 124 1795 foro
137 1740 217 1801 isicia
231 1744 380 1817 tendebas,
395 1763 430 1800 au
444 1746 478 1799 ad
494 1755 600 1818 portas.

94 1818 144 1878 Is.
169 1822 217 1881 Ad
231 1830 342 1897 portes,
358 1825 406 1881 ubi
419 1826 585 1882 salsamenta
597 1844 700 1882 venum
714 1833 911 1898 exponuntur.

95 1898 219 1961 CLEO.
242 1902 296 1961 Hei
316 1904 402 1963 mihil
434 1907 581 1963 oraculum
605 1908 787 1980 adimpletum
810 1919 860 1963 est.
904 1904 1043 1963 Volutate
1064 1904 1145 1961 intro

49 1980 171 2039 huncce
192 1984 343 2043 infelicem.
397 1985 424 2043 0
447 1990 658 2060 coronavalo:
692 1986 799 2043 invitus
819 1986 947 2058 equidem
970 1994 998 2043 te
1020 1985 1143 2043 amitto:

49 2062 176 2121 habebit
189 2071 218 2122 te
230 2066 310 2137 alius,
325 2068 374 2123 fur
387 2068 498 2139 quidem
511 2086 568 2123 non
585 2068 679 2141 pejor,
692 2069 770 2125 forte
781 2075 875 2124 tamen
889 2067 1075 2126 fortunatior.

97 2140 147 2201 IS.
169 2142 287 2218 Jupiter
300 2144 480 2222 Graecanica,
494 2151 587 2221 palma
600 2158 650 2205 tua
664 2155 715 2205 est.
1141 2189 1143 2193 -

99 2222 226 2285 CHOR.
249 2225 276 2283 0
299 2231 375 2287 salse
396 2232 499 2300 victor,
517 2237 547 2286 et
567 2248 675 2287 memor
698 2234 769 2297 esto,
785 2234 812 2285 te
832 2228 923 2287 virum
943 2228 1062 2284 erasisse
1083 2244 1146 2282 mea

52 2321 159 2376 opera.
201 2306 350 2365 Modicum
364 2318 458 2367 antem
473 2312 528 2368 hoc
542 2329 559 2369 a
573 2318 601 2367 te
619 2318 696 2385 peto,
709 2319 740 2367 ut
752 2309 815 2367 fiam
830 2309 883 2367 tibi
904 2310 997 2367 scriba
1019 2311 1049 2367 in
1069 2306 1145 2381 judi·

52 2388 120 2457 ciis,
138 2386 181 2441 uti
194 2405 271 2443 nnnc
285 2388 398 2447 Phacus
414 2398 466 2449 est.

96 2464 201 2523 DEM.
224 2467 297 2526 Mihi
311 2476 421 2539 autem‚.
435 2472 577 2545 quodnam
592 2472 627 2529 sit
642 2478 725 2530 tunm
740 2489 854 2545 nomen,
866 2472 1009 2543 eloquere.

97 2544 144 2603 IS.
166 2547 371 2622 Agoracritus:
395 2570 458 2609 nam
473 2555 500 2609 iu
516 2554 582 2609 loro
597 2553 735 2625 litigando
750 2559 843 2623 pastus
854 2569 925 2607 sum.
1090 2618 1094 2625 Ι

97 2624 199 2684 Dum.
221 2628 393 2704 Agoracrito
410 2634 494 2708 igitur
517 2640 620 2689 memet
641 2632 798 2700 committo,
821 2632 904 2702 eique
929 2626 1143 2704 Paphlagonum

52 2708 138 2765 bunc
152 2710 245 2767 trado.

97 2786 171 2845 AG.
191 2790 332 2864 Equidem
346 2792 420 2866 te,d
445 2790 543 2863 Deme,
559 2792 667 2849 curabo
693 2790 804 2861 sedulo,
820 2795 851 2846 ut
873 2789 986 2846 fatearis
1009 2794 1039 2846 te
1052 2790 1144 2846 homi.

50 2887 121 2927 nem
134 2871 241 2927 nullum
256 2874 354 2930 vidisse
367 2875 509 2931 moliorem
524 2892 568 2931 me
581 2890 648 2947 erga
662 2868 853 2929 Oscitantium
867 2874 974 2927 urbem.

96 2948 189 3007 SEM.
212 2950 290 3019 Quid
303 2956 445 3026 pulchrius
459 2955 607 3028 incipienti
619 2971 692 3025 opus
706 2959 757 3009 aut
774 2952 894 3022 finienti,
905 2970 989 3025 quam
1004 2950 1143 3007 velocium

51 3049 198 3101 equorum
229 3034 382 3107 agitatores
405 3041 530 3111 cantare,
554 3036 689 3106 nulloque
713 3034 846 3091 convicio
878 3030 1067 3109 Lysistratum
1092 3036 1143 3087 aut

54 3111 235 3169 Thamantiu
250 3115 336 3171 domo
356 3122 495 3172 carentem
509 3126 612 3189 sponte
625 3114 782 3173 lacessere?
811 3114 925 3171 Etenim
948 3110 1041 3179 iared
1067 3112 1144 3170 bone

53 3192 184 3265 Apollo,
198 3196 297 3263 esurit,
310 3202 339 3252 et
353 3197 509 3253 uberrimas
521 3197 650 3253 lacrimas
663 3196 785 3255 lundens
797 3196 921 3269 supplex
934 3200 1013 3251 tuam
1025 3192 1143 3268 Delphis

54 3274 153 3345 tangit
166 3274 338 3347 pharetram,
354 3278 419 3349 qnia
431 3296 540 3334 summa
551 3277 664 3333 laborat
677 3279 783 3351 inopie.

97 3350 230 3411 crioil.
252 3354 425 3415 Maledicere
438 3359 575 3430 improbis
600 3357 764 3431 neutiquam
787 3364 829 3414 est
851 3356 1042 3414 invidiosum:
1072 3355 1143 3426 quin

55 3434 84 3491 id
100 3433 180 3491 laudi
195 3437 276 3492 bonis
288 3436 379 3509 dabit,
396 3440 444 3509 qui
459 3444 537 3495 recte
547 3436 670 3510 judicat.
711 3438 799 3512 Quod
823 3437 846 3513 si
869 3446 962 3493 aulem
977 3437 1063 3490 homo
1081 3435 1141 3505 ille,

53 3532 142 3586 quem
157 3534 209 3588 par
221 3524 313 3573 estex
327 3536 370 3595 me
384 3518 473 3575 mulla
485 3519 633 3575 maledicta
653 3519 762 3592 audire,
777 3527 849 3576 esset
862 3520 954 3592 vulgo
971 3523 1068 3584 notus,
1082 3532 1143 3570 uon

52 3597 180 3652 facerem
194 3596 365 3655 mentionem
379 3600 451 3655 alius
463 3600 545 3656 amici
556 3599 619 3653 viri.
661 3598 747 3656 Nunc
761 3601 857 3671 itaque
870 3599 1042 3671 Arignotnm
1057 3594 1143 3651 bomo

54 3678 108 3749 qui
126 3678 251 3751 ignoret,
267 3696 350 3734 nemo
371 3686 424 3751 est,
438 3678 490 3735 nisi
513 3680 560 3753 qui
582 3681 699 3750 nesciat,
714 3681 780 3752 quid
794 3681 830 3736 sit
842 3681 947 3746 album,
962 3686 1012 3734 ant
1035 3677 1083 3747 qui
1106 3674 1145 3730 sit

55 3758 173 3813 orthius
187 3758 298 3817 modus.
341 3757 416 3817 Huic
438 3778 506 3817 vero
530 3761 619 3817 irater
632 3767 686 3832 est,
698 3761 824 3818 moribus
846 3761 872 3816 ei
896 3760 968 3816 haud
983 3772 1143 3832 germanos,

53 3836 237 3911 Ariphrades
250 3842 415 3912 improbus:
439 3840 573 3897 sedenim
597 3840 685 3897 aciens
706 3844 887 3915 prudensque
909 3842 973 3896 talis
996 3844 1047 3893 est.
1077 3832 1143 3892 ,Εεῑ

54 3926 154 3975 eutem
168 3936 227 3975 non
241 3926 350 3978 tantum
366 3921 467 3992 malus,
483 3940 536 3978 uec
558 3922 631 3977 enim
646 3922 700 3977 hoc
723 3925 877 3993 sensissem,
892 3939 984 3993 neque
1006 3917 1142 3989 pessimus

55 4003 193 4055 tautum:
228 4018 324 4057 rernm
351 4004 435 4059 etiem
463 4002 579 4077 insuper
603 4004 776 4076 excogitavit
806 4003 949 4074 quiddam.
999 3998 1140 4071 Linguam

55 4078 134 4139 enim
147 4096 222 4136 enam
238 4082 340 4154 polluit
355 4084 484 4156 turpibus
499 4083 705 4155 voluptatibus,
731 4086 759 4139 iu
774 4086 869 4157 ganeis
891 4082 1017 4137 lambens
1035 4080 1143 4150 'despu-

57 4160 163 4217 endum
179 4161 254 4216 illum
269 4180 372 4235 rorem,
387 4172 416 4221 et
429 4165 578 4239 inquinans
599 4164 724 4235 barbam,
740 4172 769 4221 et
792 4164 965 4219 conturbans
985 4162 1066 4216 labra
1089 4176 1142 4227 pu·

59 4240 232 4314 dendorum,
259 4241 457 4319 Polymueetea
471 4246 596 4303 carmina
609 4244 726 4317 iaciens,
739 4250 770 4301 et
782 4261 967 4302 consuescens
981 4259 1043 4298 cum
1067 4236 1142 4294 OEo-

140 4337 209 4377 rou.
231 4338 275 4381 rr.
580 4330 635 4382 dn
