2875 4984
38 391 40 441 ι
443 311 448 321 ’
582 320 778 389 vesum.
837 392 842 407 ,
1122 330 1230 419 ser¹

37 502 39 554 ι
91 484 100 498 ’
127 470 259 542 unul,
279 478 414 558 quue
424 482 525 557 edepol
538 484 683 544 sstnerbti
695 482 833 561 ejusmodi
847 482 929 541 rebus
938 478 1083 543 dels'ctsrl.
1123 484 1179 545 Sed

56 640 59 644 Ι
78 560 109 618 si
125 568 245 636 poteris
258 567 400 639 patienter
414 566 507 639 silere,
518 572 549 624 et
561 568 731 641 cognoveris
742 586 804 641 quae
819 566 920 638 dimus,
934 564 1120 625 arbitrorubi
1132 584 1178 629 mc

36 645 38 695 i
78 651 291 715 ostensurum,
306 655 338 703 ut
346 645 403 703 ista
416 649 512 703 omnia
524 654 553 703 te
565 646 667 705 falsum
682 649 815 707 habeant.

123 723 247 784 PHlL.
269 725 380 795 Fellor,
395 728 509 800 quaudo
518 726 642 801 judico?

122 804 256 865 BDlils.
276 807 317 865 Et
330 808 442 880 quidem
456 809 575 865 derideri
590 816 618 865 to
639 826 697 866 nou
710 811 797 868 sentis
809 813 847 870 ab
866 808 1040 887 bominibus,
1053 826 1124 885 quos
1143 814 1178 875 tu

77 892 211 945 tantum
224 907 284 946 nou
298 888 410 945 ιιιΙοιιιι.
450 887 530 957 Quin
542 890 662 949 insciens
672 894 835 951 servitutem
849 895 945 953 serris.

122 965 247 1026 PHIL.
267 968 373 1027 Desine
385 986 543 1027 memorare
555 973 719 1029 servitutem
733 971 812 1048 milri,
828 976 876 1048 qui
890 974 1021 1031 omnibus
1034 974 1154 1047 impero.
1181 1000 1184 1011 ·

121 1047 255 1107 BDEL.
278 1048 364 1107 titud
377 1058 409 1107 tu
419 1052 551 1123 quidem:
573 1070 668 1108 rerum
689 1070 790 1111 seruus
803 1073 844 1127 es,
858 1057 925 1115 dum
939 1060 969 1112 te
982 1059 1063 1129 putas
1086 1054 1177 1127 impe·

77 1147 166 1189 rare.
212 1130 289 1188 Nam
302 1131 374 1189 dece
386 1150 451 1203 nos,
466 1132 485 1188 ὂ
501 1142 592 1205 poter,
607 1134 672 1205 qnid
685 1134 740 1191 tibi
762 1137 871 1195 accedit
885 1137 1039 1213 dignitatis,
1052 1132 1103 1207 qui
1123 1134 1178 1193 tri·

77 1209 160 1269 butu
173 1210 301 1270 Grecis
315 1214 344 1269 iu
359 1229 417 1270 rem
431 1219 509 1269 tuam
522 1216 673 1271 consertis.

123 1290 245 1351 PHlL.
267 1293 425 1352 Plurimum
437 1312 527 1351 seror
550 1296 675 1367 soloque
688 1296 731 1353 bis
744 1298 894 1355 arbitrium
908 1297 1083 1373 permittere.
1182 1332 1184 1337 -

123 1370 254 1431 BDEL.
277 1374 341 1449 Ego
351 1376 446 1432 etiam.
491 1374 632 1432 Dimittite
646 1394 719 1433 nune
731 1396 794 1434 eum
809 1398 916 1452 omnes,
930 1385 959 1435 et
971 1376 1093 1452 gladium
1107 1374 1176 1435 mibi

78 1453 168 1512 dete.
212 1452 290 1513 Nam
303 1455 328 1513 si
340 1457 514 1530 argumentis
527 1475 545 1512 a
557 1464 587 1513 te
600 1457 692 1513 victus
699 1457 794 1532 luero,
806 1460 901 1535 gladio
909 1460 1077 1516 incumbam.
1120 1456 1173 1534 At,

78 1534 185 1607 perii!
206 1537 253 1595 dic
265 1536 344 1608 mibi,
358 1538 438 1608 quid,
451 1538 475 1592 si
488 1556 548 1594 non
560 1536 736 1609 acquieveris
750 1541 923 1597 arbitrorum
937 1534 1097 1595 sententie?
1178 1572 1181 1579 ,

124 1612 244 1673 PHIL.
266 1616 423 1691 Nunquam
439 1618 532 1674 bibam
545 1619 616 1673 meri
629 1620 785 1677 mercedem
800 1618 876 1679 Burri
890 1617 977 1677 Geni.

126 1694 260 1754 CHOR.
283 1696 371 1755 Nune
383 1707 479 1755 autern
493 1706 533 1773 te,
547 1700 593 1774 qui
605 1716 623 1755 o
637 1706 736 1757 nostes
748 1702 880 1777 palestra
891 1720 933 1779 ss,
949 1704 1067 1775 eportet
1076 1696 1174 1756 dicere

82 1777 161 1848 quid
175 1778 255 1851 nori,
270 1790 303 1835 ut
315 1780 477 1837 ridearis-

124 1856 266 1931 (BDEL.
287 1856 377 1917 Ferat
389 1862 456 1917 milri
469 1860 525 1916 bue
536 1858 672 1918 scrinium
680 1862 784 1935 uliquis
801 1864 892 1921 ocius.

99 1970 106 1976 ·
127 1936 255 1997 CHOR.
275 1939 329 1998 Sed
344 1958 403 1997 uon
418 1959 534 2014 prorsus
547 1941 634 1997 bomo
646 1942 726 1999 nibili
745 1945 882 2003 videberis
895 1960 965 2018 esse,
979 1943 1002 1999 si
1024 1940 1100 1999 istud
1119 1939 1172 1999 tibi

82 2018 178 2093 jubes
190 2021 282 2093 dari.)
302 2040 361 2079 non
375 2023 426 2093 itu,
441 2030 473 2078 ut
487 2023 649 2080 adolescens
662 2024 726 2097 iste,
742 2028 828 2083 verbe
840 2024 945 2081 lacere.
987 2021 1075 2080 Vides
1095 2020 1182 2079 euim

82 2118 176 2172 quam
187 2118 322 2177 maguum
337 2102 391 2159 tibi
404 2105 491 2159 instet
504 2109 658 2175 certamen,
672 2104 701 2158 iu
714 2121 774 2175 quo
787 2106 882 2164 omnia
894 2105 925 2161 in
949 2102 1098 2159 discrimen
1120 2100 1172 2157 ad.

83 2180 249 2255 ducuntur,
262 2184 298 2250 si,
312 2185 389 2256 quod
399 2184 485 2255 obsit,
499 2184 552 2239 iste
563 2183 655 2239 vietor
667 2184 731 2243 erit.

127 2260 251 2322 Bbuu.
273 2262 387 2323 Etenim
396 2282 573 2341 quacunque
582 2264 696 2342 dixerit,
707 2266 849 2325 memoris
861 2265 1106 2325 causasnmmotim
1116 2281 1184 2323 no.-

82 2344 171 2402 tsbo.
763 2368 764 2373 ¹

126 2422 237 2485 PHIL.
259 2425 337 2496 Quid
350 2434 446 2487 samm
458 2446 509 2487 ros
522 2425 627 2501 dicitis,
643 2427 669 2485 si
681 2427 735 2487 iste
747 2429 879 2489 erutione
891 2448 937 2489 me
949 2427 1126 2502 superseverit
1137 2424 1150 2483 ἓ

127 2504 253 2566 CHOR.
274 2508 344 2567 Non
357 2512 478 2584 amplius
490 2528 588 2569 senum
601 2510 688 2566 turbs
699 2509 776 2566 utilis
788 2510 876 2584 soret,
891 2530 943 2567 nec
953 2511 1050 2567 hilum.
1094 2506 1187 2567 Nam.
1284 2570 1287 2575 ,

84 2587 274 2647 irrideremur
283 2608 340 2663 per
348 2592 407 2648 sies
419 2608 516 2648 omues
523 2598 554 2647 et
566 2588 744 2661 tbellopbori
757 2608 933 2659 vocaremur,
943 2590 1035 2645 litium
1048 2590 1172 2663 putami-

83 2688 138 2727 na.
158 2668 213 2727 sed
226 2668 246 2727 d
260 2672 308 2743 qui
319 2672 488 2745 disceptabis
501 2671 537 2728 de
548 2672 681 2727 universo
694 2671 812 2741 imperio
825 2675 935 2743 nostre,
951 2686 1026 2726 nuuc
1034 2668 1172 2727 eudscter

85 2751 218 2810 onmium
232 2753 332 2825 lingum
345 2757 401 2810 tuae
416 2754 517 2809 sirium
529 2752 576 2808 tec
589 2750 757 2824 perieulum.

95 2862 104 2869 ·
128 2828 237 2890 Pfflb.
260 2830 398 2905 Equidem
410 2835 505 2890 statim
517 2834 556 2889 ab
566 2832 634 2906 ipsis
647 2831 808 2888 carceribus
820 2829 967 2904 imperinm
980 2834 1108 2885 nostrum
1121 2846 1171 2885 ur.

84 2912 232 2987 gumentis
244 2915 400 2983 ostendam,
413 2921 444 2970 nt
456 2914 539 2970 nullo
557 2930 646 2987 reguo
658 2913 696 2968 sit
709 2910 835 2970 inferius.
878 2909 957 2978 Quid
978 2908 1055 2965 enim
1077 2908 1181 2965 tortu-⁴

85 2998 188 3049 astum
200 2999 250 3051 eut
262 2994 377 3053 beatum
390 2995 477 3069 magis
489 3012 569 3051 nuuc
590 2999 634 3051 est
642 2992 749 3066 judice,
763 3001 814 3049 aut
836 2991 944 3050 deliciis
967 2991 1053 3065 magis
1075 2990 1181 3046 abun·-

83 3074 171 3145 daus,
184 3080 236 3131 sut
247 3074 455 3133 formidabilius
466 3074 578 3144 animal,
593 3075 750 3148 presertim
763 3071 850 3131 seue?
876 3090 957 3145 quern
972 3073 1092 3145 primum
1106 3071 1170 3143 qui.

86 3155 153 3211 (lem
162 3165 365 3228 prorepentcm
378 3176 394 3213 e
407 3158 483 3213 lecto
496 3157 650 3212 observant
658 3155 736 3229 upud
750 3156 889 3212 cancellos
898 3152 1024 3211 homines
1036 3150 1129 3226 magui
1139 3155 1172 3209 ct

85 3234 352 3305 quadricubitales:
376 3236 477 3294 deiude
490 3237 584 3293 statim
598 3237 733 3293 accedeus
746 3236 849 3308 aliquis
861 3234 954 3309 injicit
976 3232 1045 3291 mibi
1058 3248 1171 3289 mesum

85 3316 216 3387 mollem,
230 3334 294 3389 qua
307 3318 388 3374 lnrtn
399 3317 467 3376 fecit
480 3316 602 3390 publicu
613 3316 741 3391 pecunia
754 3334 763 3372 e
785 3316 985 3388 supplicesque
994 3313 1062 3370 mibi
1074 3314 1111 3370 sd
1120 3332 1170 3387 ge-

86 3412 147 3452 nua
160 3397 296 3455 accidunt
306 3404 414 3472 sontes,
427 3414 530 3456 rocem
541 3397 728 3455 miserabilem
743 3396 893 3454 tundentes
904 3415 913 3451 ι
935 3392 1081 3451 Miserere
1099 3396 1168 3467 mei,

85 3476 108 3533 d
117 3482 221 3552 puter,
236 3481 355 3535 obsecro
368 3485 410 3549 te,
423 3482 450 3535 si
463 3486 537 3535 etto
547 3495 674 3552 unquam
688 3478 865 3554 surripuisti
874 3476 997 3549 aliquid,
1008 3474 1169 3548 magistru-

86 3564 153 3614 tum
164 3575 285 3631 gerens,
299 3565 350 3616 out
361 3562 394 3616 irs
407 3560 516 3617 militie
525 3558 785 3617 contubernalibus
794 3558 950 3613 obsonare.
992 3552 1051 3622 Qui
1064 3569 1116 3608 nec
1129 3570 1169 3611 an

86 3638 214 3695 viverem
228 3640 325 3713 sciret,
339 3638 393 3696 uisi
406 3658 425 3696 a
436 3657 482 3695 me
491 3639 551 3713 jem
564 3645 649 3695 antea
661 3638 777 3696 crimine
791 3636 938 3694 absolutus
951 3636 1058 3693 fuisset.

129 3714 247 3777 BDEL.
268 3718 357 3788 Quod
368 3721 404 3777 de
416 3719 594 3794 supplicibus
607 3720 687 3795 dicis,
699 3719 776 3777 illius
789 3718 846 3774 boc
856 3724 916 3775 esto
925 3716 992 3774 mihi
1001 3730 1169 3773 monumen,

101 3914 105 3921 ·
128 3875 239 3940 Pfflb.
261 3877 371 3939 Deinde
382 3880 531 3958 ingressus,
543 3881 731 3955 precibusque
738 3884 882 3953 oneratus,
891 3887 920 3936 et
932 3880 975 3936 ira
983 3877 1104 3951 deterso,
1121 3875 1169 3933 iu.

88 3964 138 4019 tus
149 3960 220 4018 nibil
235 3961 335 4019 borum
348 3981 412 4036 quae
428 3965 615 4037 promiserim,
628 3964 724 4020 lacere
735 3964 825 4041 solen.
866 3958 1014 4017 Sed'audio
1027 3976 1093 4015 reos
1106 3976 1170 4015 om·

89 4041 209 4115 nigeuus
219 4059 304 4099 rocus
315 4044 468 4115 mittentes,
481 4051 515 4102 ut
527 4046 724 4102 absolvuntur.
743 4042 746 4049 “
765 4043 840 4117 Age,
855 4058 918 4112 qnae
931 4058 991 4099 uon
1004 4038 1045 4095 ibi
1057 4039 1168 4096 blandi-

90 4128 188 4180 menta
201 4129 297 4196 potest
311 4124 408 4183 audire
416 4124 530 4201 judex?
558 4127 605 4182 alii
628 4124 736 4182 deflent
754 4130 951 4198 paupertatem
973 4138 1064 4194 susm,
1079 4134 1169 4190 enque
1255 4132 1261 4145 ¹

92 4202 198 4292 quibus
209 4221 310 4266 rosere
319 4213 490 4284 premuntur
502 4207 578 4268 mdc
588 4207 735 4268 cumulent
753 4205 826 4285 aliis,
839 4204 930 4265 donec
951 4199 1105 4277 sequererit
1117 4197 1183 4259 di..
