2875 4984
495 368 677 434 VESPAE·
756 380 761 397 ²
1066 384 1133 441 2³1¹

36 540 96 595 rent
105 534 134 593 in
147 532 298 596 omnibns
307 530 427 609 delictit,
437 532 617 595 ubunduntet
626 549 713 595 carm
735 532 875 611 leporino,
897 538 1013 598 coronio
1036 543 1130 601 omni.

36 619 116 693 genu,
129 620 271 677 colostra
284 622 316 675 et
335 617 457 677 decocto
479 617 564 692 laete,
578 617 692 689 illisque
713 618 903 693 perfruentes,
917 619 1022 693 quibne
1044 622 1131 699 ‹liguu¹

36 705 76 755 ert
94 702 191 771 petria
216 704 338 769 norun,
361 704 542 770 erectumque
562 696 738 757 Marathone
750 705 912 773 tropeumr
934 718 1009 761 nunc
1022 710 1129 781 nutem,

36 784 164 849 unquam
179 778 346 851 curantes,
360 780 438 836 illurn
450 778 636 851 comitamini,
649 778 700 852 qui
713 779 870 838 mercedem
883 780 1040 841 nutrierit.

72 858 183 919 Plilla.
207 858 274 917 Hei
287 859 375 917 mibi!
395 858 467 932 quid
479 860 520 917 itu
531 860 614 931 quael
626 869 748 934 torpore
758 876 856 919 manne
864 879 926 919 meu
934 862 1130 943 perfunditur,

36 946 63 999 et
72 942 202 1013 gladium
218 948 325 999 tenere
337 958 397 999 non
409 956 537 1014 porrum,
550 942 599 999 red
607 940 667 1015 jorn
680 940 836 1001 mollescet

72 1020 192 1079 BDEL.
215 1023 267 1078 At
280 1021 304 1078 ri
317 1022 433 1093 quondo
446 1021 501 1095 ipri
514 1023 644 1092 timeant,
658 1018 798 1079 Euboeem
819 1025 889 1083 dant
909 1022 1004 1097 rubin,
1016 1028 1046 1082 et
1065 1025 1130 1083 iru.

36 1104 118 1160 menti
131 1104 319 1177 promittunt
331 1102 545 1176 quinqmgenoe
556 1103 667 1161 modion
679 1120 710 1160 ee
731 1105 923 1177 prmbituros:
945 1106 1014 1163 nibil
1034 1112 1131 1165 nutem

35 1200 154 1257 unquam
167 1185 333 1254 dederunt,
349 1190 454 1256 prater
466 1182 596 1257 quinque
606 1183 717 1243 modion
729 1200 821 1259 nuper
829 1185 948 1257 hordei3
971 1185 1060 1243 ethos
1070 1190 1131 1262 rix,

37 1264 253 1339 peregrinitatis
268 1265 439 1338 postuletur,
453 1266 586 1339 accepisti
599 1284 651 1340 per
670 1265 813 1325 ouoenieeo
834 1266 995 1339 singulut'm
1013 1267 1130 1326 admon.

38 1362 88 1400 eos.
130 1344 209 1404 ldeo
222 1346 372 1403 inclurum
384 1363 496 1421 semper
508 1364 563 1420 ege
583 1351 613 1404 te
632 1346 728 1422 bubni,
742 1347 818 1405 elere
838 1355 867 1406 te
888 1348 1011 1421 cupiens,
1026 1366 1063 1407 ne
1082 1349 1131 1407 isti

37 1424 170 1485 irrideuut
181 1432 215 1485 te
229 1427 348 1485 acerbe.
392 1422 429 1484 Et
443 1444 521 1486 nnuc
532 1434 641 1485 eertum
653 1435 699 1485 eet
712 1430 840 1502 prebere
854 1429 907 1486 tibi
920 1428 1059 1501 quidquid
1079 1448 1131 1489 ro.

38 1504 93 1575 leu3
115 1514 232 1565 tautum
248 1507 402 1581 quarterio
413 1508 460 1566 lec
473 1509 571 1567 bibere
582 1508 660 1565 lraud
673 1514 703 1565 te
714 1509 814 1568 einum.

73 1586 204 1647 CHOR.
229 1586 346 1661 Utique
363 1587 477 1661 rapiens
499 1594 572 1663 erat,
587 1590 642 1661 qu'r
660 1589 752 1647 diuite
774 1588 954 1665 Priusquam
977 1590 1136 1649 amborum*

40 1672 203 1727 orationem
220 1669 389 1741 audiveris,
402 1670 554 1745 rejudicu,
597 1668 673 1726 Nam
686 1676 718 1727 tu
731 1670 801 1729 mihi
813 1686 891 1728 nunc
913 1672 997 1743 longe
1008 1675 1131 1731 -rineero

39 1751 145 1808 viderie.
169 1748 283 1823 Itaque
295 1749 355 1824 jum
370 1752 412 1806 ira
426 1751 524 1808 lurotu
536 1750 677 1822 rcipionee
688 1751 807 1827 abjicio.
849 1752 915 1824 Sed,
930 1750 950 1807 ὁ
965 1752 1081 1824 aeqnulis
1101 1760 1131 1815 et

41 1829 141 1888 rodulir¹
150 1838 271 1905 neuter,
283 1831 461 1904 obtempero,
476 1830 604 1889 erutioni
622 1832 851 1907 obtemperm'ne
871 1832 1078 1904 imprudentem
1099 1842 1130 1893 ie

41 1913 141 1983 prebe,
155 1930 259 1985 neque
271 1912 394 1986 rigidum
405 1911 625 1984 intructumqne.
667 1910 784 1971 Utinnnr
805 1911 873 1969 mibi
886 1913 984 1969 adfinis
1009 1922 1058 1971 eut
1080 1932 1130 1974 co·

42 1994 258 2063 guaustotoot
280 1993 394 2067 aliquio,
409 1993 461 2066 qni
485 2011 532 2051 me
554 1993 623 2050 talin
643 1991 822 2052 monubeet!
844 1991 911 2050 Tibi
932 1999 1026 2051 ertum
1052 2014 1139 2053 nune

42 2074 154 2132 deorum
168 2073 280 2147 aliquis
292 2073 441 2131 manifeste
455 2090 578 2147 presens
600 2072 715 2146 adjutor
736 2079 779 2131 ert
800 2073 830 2131 in
853 2073 908 2131 bac
929 2089 972 2148 re,
986 2081 1016 2131 et
1036 2078 1132 2149 pulum

43 2154 174 2213 beneficia
187 2158 221 2213 iu
237 2162 269 2213 te
282 2154 407 2225 concert,
421 2171 486 2225 qum
500 2161 532 2211 tu
546 2171 663 2225 qnoque
676 2170 798 2227 prmeene
813 2153 920 2227 recipe.

77 2234 194 2295 BDEL.
216 2235 359 2310 Equidem
372 2237 447 2293 alum
468 2237 573 2308 iprum,
587 2237 719 2307 prebens
739 2250 914 2308 quecunque
937 2233 998 2291 ueni
1018 2252 1128 2295 mure.

44 2315 138 2388 niunt3
160 2320 269 2377 alicam
281 2318 456 2392 lingoniam,
468 2319 569 2375 laenam
582 2317 709 2388 mollem,
720 2316 854 2383 lodicem,
865 2316 1051 2387 meretricem,
1063 2335 1129 2390 qun

47 2415 138 2469 penem
151 2401 179 2457 ei
193 2399 283 2457 fricet
295 2400 476 2471 lumbosque.
519 2397 573 2457 Sed
585 2399 661 2473 quod
676 2402 763 2474 tecet,
777 2396 1011 2473 nihilquemutit,
1025 2398 1055 2455 id
1071 2416 1131 2456 non

46 2486 133 2549 potest
145 2481 218 2538 mibi
234 2483 359 2553 placere.

79 2557 206 2619 CHOR.
231 2560 312 2629 Quid
326 2562 380 2619 sibi
402 2563 542 2637 egendum
562 2560 611 2635 sit,
624 2560 688 2634 ipre
704 2577 780 2617 nunc
801 2577 893 2617 seeum
913 2563 1048 2631 reputet:
1068 2558 1131 2634 jam

47 2640 111 2695 enirn
122 2644 270 2715 ugnmcit,
283 2649 420 2716 qnantum
440 2642 599 2701 inueniebnt
619 2638 729 2709 mudo;
751 2640 915 2711 criminique
935 2640 1129 2713 sibimetipse

47 2722 135 2797 vertit,
151 2739 335 2795 quecunque
346 2729 377 2779 tu
390 2724 471 2781 illum
483 2723 613 2779 hortulus
625 2738 667 2789 ee,
682 2738 713 2777 re
725 2718 759 2777 ile
773 2720 936 2777 obsecutum
951 2736 1011 2775 non
1032 2719 1129 2779 inisse.

48 2796 130 2859 Nune
140 2804 232 2877 igitur
244 2804 323 2860 torto
336 2804 392 2861 tuin
403 2804 487 2861 dictir
499 2808 594 2878 paret,
606 2801 734 2876 etrapit,
746 2800 860 2859 mutatio
872 2800 902 2857 in
913 2804 1057 2875 posterum
1067 2818 1129 2859 rno-

48 2880 130 2956 ribur,
145 2886 258 2958 tibique
267 2900 375 2941 murem
387 2900 496 2959 gerent,

83 2961 193 3024 PHIL.
216 2963 274 3023 Hei
287 2963 376 3024 mibit

82 3041 200 3103 BDEL.
222 3044 303 3104 Hem
316 3051 361 3117 tu,
374 3044 444 3118 quid
456 3042 525 3103 niti
537 3042 640 3101 clumue
653 3046 665 3103 ἒ

83 3122 193 3185 Pnln.
217 3124 266 3184 Ne
286 3123 354 3181 mibi
376 3126 527 3197 quicquum
548 3122 667 3183 istorum
692 3121 843 3199 pollicere.
884 3117 940 3178 Illa
964 3138 1047 3179 nmo:
1069 3120 1131 3181 illie

50 3202 124 3279 niem,
137 3210 189 3266 nbi
205 3224 305 3283 pruno
316 3205 406 3277 dicit:
437 3202 512 3272 Quis
533 3204 712 3281 suffragium
733 3204 861 3263 nondum
883 3201 984 3260 tulit?
1012 3214 1130 3279 turget.

51 3285 142 3358 Atque
153 3291 264 3347 ndntom
278 3287 358 3345 urnis
373 3285 542 3359 judiciariis,
555 3285 672 3343 ultimus
684 3302 786 3343 eorum
799 3285 850 3358 qui
870 3284 1009 3341 eelcnlum
1023 3284 1053 3339 in
1069 3287 1133 3359 pbi-

51 3369 299 3428 mnmdemittuut.
341 3364 590 3441 Properuanima
604 3382 675 3424 meu.
716 3364 779 3425 Ubi
794 3382 857 3421 meu
876 3371 918 3421 eet
936 3364 1050 3419 anime?
1071 3368 1133 3423 uiue

53 3462 93 3503 me
104 3453 238 3523 transire,
253 3449 273 3507 ὂ
297 3448 461 3523 caliginosa.
500 3443 641 3505 Herculea
654 3465 692 3505 ne
702 3446 778 3517 sirii,
792 3449 826 3501 nt
837 3460 914 3501 nunc
931 3460 984 3517 ego
996 3444 1073 3501 iuter
1081 3444 1131 3517 ju-

52 3524 122 3585 dicer
134 3533 234 3590 redens
247 3529 384 3587 Cleonem
396 3528 468 3585 iurti
484 3544 560 3583 reum
575 3526 781 3601 deprehendam
795 3525 803 3583 t
877 3570 880 3577 ,

89 3606 204 3671 BDEL.
226 3610 281 3669 Per
293 3610 361 3668 deor
376 3612 509 3683 obsecro,
522 3609 560 3684 mi
573 3615 667 3680 pater,
680 3626 734 3684 nge
747 3607 915 3679 obtempera
926 3603 1007 3666 mihi.

87 3685 196 3751 Pfllu
216 3691 296 3762 Quid
317 3692 512 3767 obtemperem
532 3686 608 3751 tibi?
628 3688 676 3750 dic
697 3686 839 3762 quidquid
858 3686 949 3761 voles,
973 3686 1078 3759 pruriet
1097 3700 1133 3740 u.

54 3783 126 3828 num.
1140 3790 1144 3802 ¹

91 3849 210 3912 BDEL.
230 3853 384 3923 Quodnam
398 3854 428 3910 id
440 3848 503 3911 enti
524 3852 572 3910 inc
583 3852 680 3909 scium.

90 3928 197 3993 Pfflu.
218 3934 263 3993 Ut
274 3934 416 4009 ujudiciie
428 3935 605 3991 abstineam:
628 3934 708 3991 illum
722 3928 797 3988 enim
819 3924 1052 3988 consuetudinem
1073 3922 1133 3983 Or.

58 4022 101 4066 cue
114 4016 217 4073 udimet
229 4016 296 4073 mihi
310 4016 402 4090 prius,
416 4033 500 4088 quarn
512 4031 566 4088 ego
580 4012 633 4070 libi
647 4014 800 4085 obsequar.

92 4090 206 4155 Bnnn
227 4094 275 4155 'l'u
285 4096 394 4170 ituque,
407 4094 639 4169 qnandoquidem
651 4092 729 4151 istud
744 4092 864 4149 libenter
878 4086 961 4161 fecie,
978 4085 1049 4147 illue
1069 4087 1133 4161 qui.

57 4166 115 4229 dem
128 4193 164 4232 ue
175 4178 297 4252 amplius
308 4194 375 4245 eae3
396 4178 446 4234 red
459 4178 504 4236 bic
514 4192 641 4242 maneus,
652 4174 702 4250 jue
715 4172 807 4231 dicito
819 4169 1017 4246 familiaribu-

94 4250 196 4317 Pfllu
216 4257 332 4327 Quodn
343 4253 396 4317 rei
423 4258 495 4330 qnid
505 4253 642 4332 nuperis?
747 4324 751 4331 ¹
