2875 4984
279 363 340 424 140
485 445 489 452 1
661 356 1058 422 ARISTOPHANIS

280 539 366 597 quam
380 535 442 576 eam
455 516 565 576 fervide
578 515 642 590 pice
656 519 830 588 obleveritis,
844 519 984 593 pedesque
1005 518 1067 594 ejus
1089 517 1211 591 plumbo
1230 520 1360 579 malleolis

281 600 456 662 circumfuso
471 598 655 669 muniveritis,
670 601 906 673 superimponere
918 602 986 658 loco
996 600 1144 674 ampulla.

322 677 447 738 CHOR.
470 676 581 754 (Deest
595 675 686 738 Cleri
694 680 876 752 cantilena.)

322 758 423 821 FAM.
444 759 569 818 Felicem
582 778 652 818 vero
666 761 796 819 Atticum
811 763 952 837 populum
964 780 973 832 ;
1002 780 1047 819 me
1070 779 1189 835 quoqne
1200 781 1259 820 non
1273 763 1361 820 minus

281 843 394 902 felicem
407 861 415 912 3
439 842 536 898 herem
550 860 618 898 rere
632 860 721 900 meam
736 845 824 916 longe
838 844 965 900 omnium
979 842 1188 902 felicissimam!
1220 842 1281 908 Vos
1293 861 1361 914 quo·

283 943 340 999 que
352 923 447 980 felices
460 925 537 992 estis,
552 941 612 996 qum
623 922 711 998 juxta
723 925 802 982 fores
815 930 928 982 nostras
942 923 1057 998 adestis,
1072 925 1214 998 vicinique
1231 943 1326 981 omnes
1337 928 1362 980 et

284 1006 438 1100 populares
453 1003 563 1062 nostri:
577 1004 647 1062 felix
660 1023 725 1061 cum
739 1006 794 1062 illis
806 1025 861 1081 ego
874 1022 990 1079 quoque
1002 1006 1117 1078 ancille,
1132 1024 1194 1102 qum
1204 1013 1290 1079 caput
1302 1022 1361 1078 per.

284 1087 355 1144 unxi
370 1085 531 1160 ungnentis,
553 1104 606 1159 pro
621 1085 756 1161 Jupiter!
784 1094 816 1142 ut
833 1085 937 1144 bonis!
967 1087 1015 1142 sed
1030 1087 1084 1143 ista
1098 1089 1193 1144 omnia
1206 1087 1291 1162 louge
1302 1088 1361 1142 lon-

284 1185 373 1244 geque
387 1171 523 1241 superent
536 1168 714 1250 amphorulae
729 1169 799 1224 rino
812 1166 921 1226 Thasio
933 1167 1045 1240 plener
1067 1167 1153 1263 bujps
1165 1170 1239 1225 enim
1253 1168 1344 1225 odor
1337 1186 1362 1222 ιι

285 1250 379 1323 capite
393 1248 500 1305 diutins
523 1254 681 1306 remanet..
700 1250 858 1307 illaautem
882 1249 1085 1306 marcescentia
1102 1248 1163 1306 cito
1185 1253 1406 1329 evanescunt}

284 1327 574 1400 Proindemulto‚et
593 1347 675 1402 quam
689 1330 830 1400 molto,
813 1351 832 1388 ο
850 1328 912 1386 diil
942 1331 1075 1387 meliores
1095 1335 1163 1387 sunt
1182 1331 1360 1405 amphornlae.
1402 1350 1406 1402 J

287 1410 414 1470 Infunde
427 1427 496 1482 ergo
510 1412 641 1482 mstum,
647 1415 709 1466 tote
722 1416 808 1467 nocte
822 1411 959 1467 laetiorem
974 1427 1020 1468 me
1033 1410 1181 1485 reddet,
1153 1428 1249 1470 orrum
1261 1411 1327 1466 illnd
1339 1428 1363 1465 e-
1406 1436 1407 1449 ι

285 1490 385 1567 ligem,
400 1491 477 1564 quod
489 1488 619 1550 maxime
626 1490 779 1551 odoratum
790 1493 836 1549 sut
877 1491 972 1557 Sed,
956 1511 975 1547 ο
989 1480 1408 1585 mulieres,dicitemrb1be·>

288 1593 351 1633 rum
366 1590 470 1642 meum,
483 1572 616 1629 maritum
630 1572 752 1629 dominae
764 1589 844 1645 mese,
858 1573 968 1629 ubisit.
1406 1588 1407 1593 ¹

329 1651 454 1711 CllOll.
478 1647 584 1710 lstie'
563 1671 586 1710 ιι
596 1671 718 1730 maneas,
733 1653 817 1709 nobis
830 1654 1008 1710 sideriseum
1023 1658 1187 1724 repertura.

330 1731 434 1790 ΕΔΜ.
454 1729 526 1788 Saue
539 1751 627 1804 rer03
650 1751 715 1790 nem
729 1751 827 1792 eccum
842 1735 879 1792 ad
893 1751 1001 1796 coeoam
1015 1735 1104 1791 renlt.
1147 1731 1177 1790 0
1191 1731 1298 1808 bere‚d
1312 1729 1364 1788 for·
1403 1678 1407 1789 l

289 1819 402 1884 tonate,
416 1819 446 1869 et
456 1814 590 1871 terbeate.
1401 1838 1407 1978 J

331 1891 428 1952 BER.
449 1890 573 1968 Egone?

333 1973 435 2033 ΕΔΜ.
456 1972 530 2034 Sene
550 1979 663 2033 ecastor
676 1978 709 2031 tu
731 1974 854 2049 quidem,
870 1980 903 2032 ut
924 1993 1006 2032 nemo
1029 1974 1113 2033 aliur.
1155 1973 1199 2033 Te
1218 1974 1293 2034 enim
1312 1971 1407 2069 quis

291 2057 365 2116 alius
388 2057 492 2114 existet
512 2058 599 2132 magis
617 2056 742 2132 beatior,
762 2059 821 2129 qui,
835 2057 1028 2130 quumplures
1041 2055 1177 2132 triginte
1171 2057 1294 2131 millibus
1307 2055 1366 2113 ciri·
1405 2100 1406 2109 ,

292 2157 340 2196 um
355 2140 385 2195 in
399 2137 470 2195 urbe
482 2137 550 2212 sint,
565 2136 643 2195 solus
655 2144 748 2195 tamen
760 2154 798 2195 ex
811 2138 887 2195 illis
879 2153 1041 2211 impransus
1052 2154 1093 2208 es.
1403 2166 1407 2241 J

334 2216 460 2275 CHOR.
482 2213 603 2276 Prorsus
616 2215 728 2281 felicem
742 2218 884 2274 hominem
897 2235 1004 2279 narres.
1247 2290 1249 2295 Ι

333 2295 436 2355 FAM.
457 2293 525 2362 Quo
539 2295 675 2354 tandem?
698 2315 757 2371 quo
770 2296 851 2356 abisl
1403 2296 1407 2320 ¹

335 2375 432 2435 BER.
453 2375 500 2446 Ad
512 2395 630 2435 coenam.
1403 2390 1407 2443 ι

334 2455 440 2515 Fam.
462 2455 546 2534 Sene,
563 2475 616 2532 per
639 2455 789 2533 Venerem,
802 2459 888 2534 leuge
909 2459 1037 2517 omnium
1059 2464 1229 2532 postremus.
1270 2457 1368 2516 Temen
1403 2461 1407 2504 Ι

257 2555 258 2560 ’
293 2539 382 2615 jussit
394 2556 439 2596 me
453 2535 521 2596 bern
535 2546 566 2595 ut
579 2545 608 2595 te
620 2542 804 2635 adsumerem,
819 2549 849 2597 et
862 2557 917 2597 une
931 2547 1024 2597 tecum
1048 2538 1098 2603 bas
1112 2541 1222 2614 puellas
1235 2542 1367 2598 ducerem.

265 2667 267 2674 ,
297 2618 367 2679 Vini
380 2625 475 2692 autem
494 2619 557 2679 Chii
572 2621 657 2694 copia
672 2638 775 2694 magne
789 2621 889 2678 relicta
909 2627 963 2694 est,
977 2627 1007 2677 et
1024 2621 1119 2678 multe
1132 2622 1197 2692 aliae
1214 2641 1261 2680 res
1284 2623 1407 2697 bone.¹

296 2699 403 2773 ltaque
415 2718 452 2756 ne
465 2702 586 2760 cessetis.
609 2699 717 2758 Tum'
696 2718 719 2758 ιι
732 2703 795 2774 quis
805 2708 1003 2777 spectatorum
1016 2687 1196 2777 nobisfsret,
1208 2709 1238 2760 et
1248 2701 1368 2778 judicum

297 2800 321 2840 ιι
335 2800 396 2854 qurs
410 2799 469 2838 non
483 2781 573 2857 ahud
589 2800 673 2854 quern
683 2782 745 2858 jus,
760 2783 887 2857 respicit,
900 2784 996 2839 renuat
1006 2782 1171 2841 nobiscum
1194 2801 1261 2842 uam
1273 2801 1307 2840 ιιι
1318 2799 1369 2838 on
1404 2776 1408 2818 l

297 2863 555 2936 niepraebebimns.
598 2863 701 2934 ltaque
720 2866 799 2936 quod
822 2864 899 2936 dico,
914 2852 1069 2921 liberaliter
1092 2865 1169 2921 dices
1192 2866 1334 2932 omnibus,
1346 2866 1371 2916 et
1407 2858 1408 2909 l

297 2961 367 3000 cave
380 2959 546 3014 quemquam
561 2944 704 3014 omiseris3
728 2946 777 3003 sed
791 2948 892 3018 passim
906 2961 979 3001 voca
991 2962 1082 3014 senes,
1094 2945 1298 3040 adolescentes,
1310 2960 1371 3017 pue·

297 3041 367 3091 ros3
391 3041 454 3078 nam
469 3023 537 3097 ipsis
552 3041 633 3080 coeue
645 3029 747 3097 parate
758 3031 802 3084 est
815 3026 933 3110 omnino
946 3024 1126 3133 omnibus,
1105 3043 1128 3083 ιι
1141 3043 1244 3100 nempe
1268 3027 1371 3146 quisque
1405 3006 1408 3113 l

299 3105 414 3160 domum
429 3122 507 3160 suam
521 3105 633 3162 abierit.

258 3191 273 3214 ⁶
341 3181 465 3241 CHOR.
487 3182 555 3258 Ipsa
577 3191 671 3242 autem
691 3185 751 3259 jam
765 3187 802 3244 ed
816 3206 925 3245 coenam
945 3187 1097 3258 festinabo,
1111 3186 1186 3243 banc
1206 3185 1299 3245 facem
1315 3142 1408 3260 pul-
1404 3104 1409 3216 l

301 3263 369 3320 chre
382 3271 412 3320 ct
423 3265 529 3321 decore
542 3283 626 3322 manu
641 3276 763 3340 gestans.
804 3267 849 3324 At
860 3276 906 3343 tu,
917 3285 1027 3342 queso,
1040 3267 1108 3342 quid
1121 3270 1161 3324 ita
1170 3273 1317 3341 cunctare,
1329 3284 1370 3323 ue·
1405 3220 1408 3297 l

301 3361 357 3416 que
370 3351 460 3403 tecum
475 3345 555 3404 ducis
569 3347 620 3404 has
630 3345 756 3422 puellas?
777 3346 854 3404 Dum
868 3349 985 3408 antem
976 3367 1039 3425 ipse
1052 3349 1217 3423 descendes,
1226 3367 1281 3430 ego
1294 3346 1372 3422 centi-

301 3442 363 3483 cum
377 3428 502 3496 ιιιὶιιιι
516 3428 631 3502 aliquod
645 3429 800 3486 coenaturis
811 3438 922 3504 aptum.
1405 3434 1409 3492 ἱ

341 3504 429 3565 Nunc
440 3508 551 3584 judices
574 3509 679 3584 aliquid
702 3529 821 3568 monere
834 3512 913 3587 volo,
929 3516 961 3568 ut
982 3511 1032 3585 qui
1053 3512 1129 3570 inter
1152 3509 1219 3573 illos
1236 3509 1408 3586 sepientes·

301 3593 381 3664 sunt,
395 3589 486 3648 deme
497 3590 640 3665 judicent,
655 3609 755 3650 eorum
769 3609 918 3667 memores,
930 3611 995 3667 qnae
1008 3593 1150 3666 sapienter
1162 3591 1241 3650 dicte
1253 3606 1373 3651 ameau-
1405 3638 1408 3647 .

301 3668 437 3728 dieruutr
462 3678 523 3728 tum
537 3678 571 3729 ut
592 3673 642 3744 qui
666 3673 799 3730 lubenter
821 3673 926 3748 rident,
942 3674 963 3730 ii
977 3675 1012 3731 de
1027 3691 1072 3729 me
1087 3671 1231 3748 judicent,
1246 3681 1374 3729 memores

300 3767 387 3824 quam
402 3750 506 3810 festive
525 3758 553 3811 et
574 3754 689 3811 ridicule
709 3757 801 3812 multe
813 3755 993 3828 protulerim.
1034 3752 1144 3827 Itaque,
1158 3755 1189 3811 ni
1208 3753 1305 3826 fallor,
1325 3752 1375 3808 fere
1405 3744 1410 3832 ξ

300 3849 397 3888 omnes
419 3834 455 3890 de
475 3851 519 3890 me
542 3834 619 3890 ferre
638 3836 806 3893 sententiam
824 3835 927 3910 jubeo.
971 3834 1073 3908 Neque
1095 3836 1179 3894 nobis
1199 3836 1288 3906 obsit,
1307 3830 1374 3907 qnod

300 3912 390 3968 ductis
403 3916 528 3972 sortibus
542 3914 627 4008 prims
618 3910 845 3989 'prodierimne3
869 3919 918 3974 sed
931 3935 979 3975 eos
993 3918 1096 3974 horum
1111 3919 1235 3976 omnium
1249 3928 1376 3974 memores

251 4019 253 4029 =
301 3993 450 4068 coudecet,
459 4004 570 4054 servate
581 3996 769 4072 jurisjurandi
782 3997 848 4072 fide,
863 3995 1016 4057 derorrs
1028 4015 1139 4072 semper
1151 4015 1188 4056 ex
1196 4017 1242 4057 me
1312 3992 1377 4070 judi·

301 4087 378 4146 care,
400 4091 493 4147 neque
513 4065 707 4151 improbarum
727 4080 908 4149 meretricum
928 4097 1038 4137 morem
1057 4080 1174 4154 imitari,
1195 3997 1377 4219 qunaeJemper

300 4161 445 4224 postrema
463 4162 571 4214 tantum
591 4159 761 4218 benefacta
753 4177 783 4216 ιι
804 4160 1070 4220 memoriabebent.
1113 4160 1153 4234 0,
1171 4162 1202 4238 d,
1266 4177 1304 4217 nc
1317 4164 1364 4215 ren

300 4241 416 4328 penest,
430 4239 526 4296 amice
547 4229 724 4312 mulieres,
703 4259 725 4298 ιι
740 4261 800 4299 rem
814 4259 897 4317 agere
911 4243 1053 4333 volomus,
1067 4245 1219 4304 subsultim
1230 4243 1267 4322 nd
1281 4250 1377 4329 etum

300 4313 362 4372 ire:
386 4315 505 4377 Cretico
516 4320 603 4395 igitur
616 4320 752 4398 rhythmo
765 4325 890 4384 moreto
903 4325 1000 4400 pedes.

339 4393 429 4459 sluM.
451 4398 520 4460 Hoc
534 4381 748 4476 qnoquelacio.
867 4437 885 4471 ι
