2875 4984
271 410 341 471 ’Ἀθ
627 400 1015 466 AlilSTOPHANlS

281 567 306 626 rl
321 566 367 623 vel
378 563 512 622 indoctae
523 559 609 620 luerit
620 566 715 619 anter.
735 560 810 633 Nor,
825 563 929 636 quitur
942 565 1089 621 aculeatus
1102 564 1259 638 ertpoder,
1278 564 1385 619 Attici

281 643 634 719 rnmur‚reraetrlocere
655 644 806 707 nobilitate
826 643 881 699 coli
903 642 1037 718 insignes,
1053 644 1214 719 indigenu3
1244 646 1386 702 fortissi-

281 740 359 786 mum
372 744 471 801 geum,
483 725 620 798 quodque
631 724 705 781 lranc
719 724 923 797 rempublicam
936 726 1039 799 raepiur
1053 726 1163 801 adjuvit
1186 729 1215 783 in
1237 726 1360 801 praeliis
1375 746 1384 795 ;

281 809 399 883 quaudo
408 808 486 866 venit
496 806 652 878 Barbarus,
662 805 745 861 tamo
764 822 893 879 premens
915 806 1111 879 incendiisque
1120 815 1233 864 rastrns
1259 808 1386 865 univer·
1409 814 1410 871 Τ

281 908 341 949 rum
363 888 518 964 regionem,
532 887 664 959 cupidine
675 887 809 942 incitatur
822 886 904 943 faros
917 895 1030 945 nostros
1049 888 1076 943 ri
1101 888 1251 944 eximendi.
1300 886 1385 945 Nam

283 969 433 1029 confestim
455 969 534 1026 lacta
544 967 714 1025 excursione
726 984 791 1022 cum
806 967 887 1023 hasta
898 974 928 1024 et
949 970 1066 1045 clypeo,
1082 986 1203 1043 pugnam
1217 969 1291 1042 ipsis
1307 986 1385 1025 con.

284 1052 433 1124 mmmna,
442 1051 486 1107 iro
497 1050 606 1124 proluti
618 1047 689 1117 ucri,
706 1049 746 1103 rir
758 1046 941 1121 juxtarirum
954 1055 1043 1124 stane,
1062 1066 1121 1123 prae
1136 1050 1288 1107 iracundia
1300 1068 1385 1106 mor-

284 1133 356 1189 deor
368 1132 423 1188 ribi
436 1132 539 1187 labra:
562 1131 621 1186 tela
634 1129 760 1185 volantia
774 1131 935 1200 coelumque
955 1131 1086 1204 diemqne
1101 1148 1135 1186 ex
1164 1132 1257 1187 oculis
1271 1131 1384 1202 eripie.

285 1213 377 1269 baut:
398 1213 446 1269 ced
457 1217 551 1269 tomen
560 1209 695 1285 iniugam
705 1210 949 1283 compulimureoa
964 1212 1041 1267 circa
1053 1228 1209 1285 vesperam,
1222 1213 1277 1268 diis
1292 1229 1382 1284 opem

285 1293 466 1351 ferentibus:
489 1295 595 1348 noctua
605 1293 680 1347 enim
693 1297 760 1347 ante
774 1290 937 1346 condictum
949 1292 1145 1348 transvolarat
1154 1299 1285 1349 nostrum
1295 1310 1381 1349 exer-

287 1376 383 1432 citum.
425 1370 535 1430 Deinde
547 1371 686 1445 fugientes
700 1372 818 1427 insecuti
833 1388 941 1445 sumus,
957 1380 1091 1443 tanquam
1105 1374 1230 1448 thynnos
1243 1390 1382 1446 pungen-

288 1463 332 1513 ter
344 1472 395 1511 eoa
406 1454 436 1511 iu
448 1455 585 1510 braccas:
606 1453 647 1508 illi
660 1458 756 1508 autem
769 1452 928 1524 fugiebant,
943 1472 1079 1527 genaeque
1091 1460 1121 1509 et
1142 1455 1296 1527 supercilia
1309 1454 1380 1526 ipsis
1410 1502 1411 1531 ἶ

288 1537 398 1594 interea
410 1536 619 1609 pungebantur,
632 1534 675 1588 ita
694 1538 728 1588 ut
749 1533 826 1606 apud
852 1530 995 1591 Barbaros
1010 1533 1115 1607 ubique
1136 1534 1294 1592 etiamnum
1307 1535 1380 1591 nibil

288 1615 393 1674 Attico
406 1618 546 1673 crabrone
559 1614 742 1689 perhibeatur
754 1613 870 1669 lortius.

329 1694 423 1755 SEM.
445 1694 554 1767 Utique
569 1712 636 1751 acer
648 1702 707 1750 tum
719 1710 810 1764 eram,
826 1692 934 1767 quippe
946 1692 994 1763 qui
1008 1693 1079 1751 nibil
1094 1712 1211 1769 prorrus
1222 1695 1355 1752 timerem
1369 1712 1378 1750 z

288 1782 320 1836 ei
332 1794 401 1833 rane
412 1775 502 1833 deleri
516 1776 682 1848 perdueller,
697 1773 909 1848 nauigansilluc
921 1776 1091 1833 triremibus.
1132 1776 1161 1833 N
1165 1796 1201 1834 on
1217 1777 1293 1832 enim
1309 1784 1380 1832 tunc

290 1859 470 1929 curabamus,
483 1856 631 1928 quomodo
642 1856 712 1912 acite
726 1857 883 1913 orationem
897 1854 1064 1928 diceremus,
1078 1858 1123 1914 rel
1137 1858 1380 1917 calumniaremur

289 1939 433 2011 cuiquem:
455 1937 505 1994 red
518 1936 609 1994 laudis
628 1937 705 1993 illiue
717 1942 780 1994 erat
793 1936 927 1993 internos
941 1937 1092 2012 emulatio,
1104 1939 1164 2011 quir
1178 1940 1306 2012 optimus
1319 1939 1379 1993 clu-

289 2026 355 2077 eret
367 2035 470 2076 remex.
511 2015 615 2090 ltaque
636 2034 726 2090 quum
739 2018 843 2075 multae
861 2018 1016 2089 ceperimus
1036 2020 1131 2087 urbes,
1145 2020 1245 2075 virtuti
1268 2026 1377 2075 nostra

290 2101 322 2160 id
334 2101 455 2158 maxime
467 2097 596 2174 debetur,
611 2099 690 2173 quod
702 2098 899 2157 bucierantur
910 2098 1097 2173 tribumque
1110 2098 1378 2174 depeculanturju.
1411 2098 1412 2117 ¹

291 2198 397 2239 morer.

332 2257 459 2319 CHOR.
479 2258 509 2317 Si
522 2275 576 2315 noa
588 2258 819 2329 contemplemini
831 2256 1001 2331 diligentins,
1011 2260 1047 2316 ad
1058 2260 1151 2317 omnia
1162 2260 1311 2318 invenietis
1324 2278 1377 2319 noa

292 2341 454 2417 consimiles
478 2337 677 2410 crabronibus,
690 2344 750 2394 tum
773 2338 887 2396 vivendi
909 2340 1031 2409 ratione,
1054 2347 1115 2397 tum
1137 2342 1221 2398 etiam
1241 2342 1376 2417 moribus.

292 2420 393 2481 Primo
405 2420 480 2477 euim
494 2420 602 2474 nullum
614 2418 731 2490 animal,
745 2419 769 2474 ri
780 2420 920 2493 irritetur,
937 2421 1020 2477 nobis
1033 2423 1121 2498 magia
1144 2423 1186 2479 e'st
1198 2424 1375 2497 iracundum,

293 2519 389 2573 meque
401 2500 600 2559 truculentius.
641 2496 753 2555 Deinde
766 2506 795 2555 et
809 2506 902 2557 cetera
912 2502 1008 2557 omnia
1018 2520 1081 2561 cum
1091 2504 1280 2561 crabronibus
1292 2506 1376 2561 moli.

291 2598 368 2641 mur.
409 2578 486 2638 Nam
498 2596 550 2653 per
563 2580 694 2635 examine
712 2579 839 2647 collecti,
852 2588 985 2651 tanquam
1007 2580 1038 2639 in
1060 2586 1170 2641 diversa
1183 2585 1307 2641 alvearia
1325 2586 1376 2641 mi·
1412 2648 1413 2661 χ

294 2668 421 2738 granta,
436 2664 539 2734 partim
552 2661 627 2733 apud
640 2659 830 2733 Archontem,
846 2663 948 2735 purtim
961 2665 1039 2735 apud
1066 2664 1295 2741 Undecimriros‚
1310 2684 1375 2740 par.
1412 2664 1413 2745 l

294 2748 347 2803 tim
358 2745 389 2802 in
401 2741 537 2817 Odeojuo
547 2742 685 2799 &imore
706 2740 757 2797 elii
765 2743 848 2798 etiam
856 2741 940 2816 juxta
950 2742 1055 2801 moenia
1065 2746 1160 2819 stipati
1169 2751 1259 2817 arcte,
1273 2748 1303 2802 in
1318 2754 1376 2803 ter·
1412 2746 1413 2791 ἶ

278 2818 356 2885 'rem
369 2825 463 2898 capito
474 2824 607 2895 demisso,
620 2822 668 2878 riu
680 2830 826 2879 morantes
838 2841 868 2879 se
879 2822 970 2896 ipsos,
983 2829 1118 2897 tanquam
1127 2844 1235 2883 emmer
1246 2829 1275 2883 in
1289 2828 1374 2883 cellu-

294 2908 341 2966 lic.
380 2905 430 2963 Ar
452 2906 562 2979 reliqua
581 2904 667 2960 etiam
687 2902 933 2961 ritae‘uecessaria
957 2904 1128 2963 invenienda
1148 2908 1263 2981 ingenio
1287 2925 1376 2964 sumus

208 3036 217 3050 .
295 2985 499 3062 promtirrimo.
540 2982 618 3049 Nam
631 2982 789 3056 quemlibet
801 2986 959 3058 pungimus,
973 2987 1138 3061 victumque
1152 2988 1218 3046 inde
1231 2988 1312 3045 nobis
1325 3007 1376 3061 pa-

294 3084 401 3127 ramur.
442 3064 497 3123 Sed
509 3067 584 3122 euim
596 3065 657 3121 luci
670 3064 783 3136 quidam
798 3066 873 3123 inter
888 3084 940 3125 nos
951 3067 1049 3124 sedent
1063 3075 1191 3126 carentes
1201 3070 1314 3143 aculeo,
1326 3068 1376 3141 qni

294 3151 494 3221 exspectantur
511 3146 615 3205 tributi
634 3147 727 3204 nostri
746 3145 871 3203 fructum
887 3148 1038 3205 comedunt
1058 3150 1154 3207 otiosi.
1196 3147 1264 3206 Hoc
1283 3158 1375 3207 autem

292 3235 340 3285 est
354 3226 581 3284 molestissimam
595 3226 691 3299 uobis,
704 3226 804 3300 siquis
818 3244 878 3284 uun
892 3228 1014 3287 militans
1027 3230 1123 3288 aufert
1135 3231 1291 3288 mercedem
1311 3248 1376 3287 uos-

295 3314 380 3378 tram,
393 3306 461 3365 licet
476 3324 531 3381 pro
542 3306 634 3364 rulute
646 3306 730 3381 bujnu
743 3308 821 3365 urbia
833 3326 886 3366 nec
900 3326 1016 3383 remum,
1031 3328 1084 3370 uec
1105 3311 1222 3379 bartam,
1236 3329 1290 3367 nec
1310 3329 1375 3385 pur·

295 3390 385 3447 balam
394 3388 513 3461 ceperit.
554 3384 608 3445 Sed
625 3405 685 3444 rem
706 3388 738 3444 in
762 3406 854 3463 pauca
878 3388 1044 3461 conseram
1067 3410 1169 3450 censeo
1189 3399 1223 3447 ut
1245 3392 1374 3466 deinceps

294 3470 460 3547 quicunque
472 3466 577 3528 ciuium
590 3485 649 3526 noa
663 3468 798 3527 habuerit
809 3471 949 3547 aculeum,
963 3474 987 3529 is
999 3489 1036 3533 uo
1049 3473 1205 3531 triobolum
1219 3473 1353 3547 accipiat.

479 3749 1001 3839 Pfl1uocuuo,BDELYcuuo‚
1017 3758 1193 3822 GHORUS.
1286 3822 1287 3825 ,

332 3931 442 3999 PHIL.
462 3934 623 4012 Nunquam
646 3937 781 4013 protecto
792 3941 911 4015 pallium
934 3941 990 4001 boc
1002 3931 1082 4001 r'irur
1098 3958 1213 4017 ernam,
1228 3942 1307 4015 quod
1320 3943 1375 4016 qui.

292 4014 357 4109 dem
370 4018 461 4075 rolum
482 4018 553 4077 mibi
574 4020 605 4077 iu
626 4019 688 4079 acie
706 4020 792 4079 saluti
813 4022 881 4101 luit,
897 4040 983 4097 quum
997 4024 1145 4083 rebemcnr
1158 4024 1208 4081 ille
1221 4022 1328 4083 Boreae
1339 4026 1374 4083 in·

290 4101 449 4238 grllllllla.
471 4176 649 4255 bitiuhan,
662 4179 833 4257 arridetur,
849 4184 929 4259 cupis
943 4183 1057 4243 evenire
1069 4184 1133 4244 tibi.

327 4255 438 4326 Pulla
456 4256 685 4339 Haudquaquam
697 4264 773 4327 euin
785 4264 880 4327 hercle
893 4265 962 4328 mibi
974 4265 1091 4345 expedit
1103 4265 1258 4345 pretiorum
1281 4271 1374 4329 reaten
