<?xml version="1.0" encoding="UTF-8"?>
<!DOCTYPE html PUBLIC "-//W3C//DTD XHTML 1.0 Transitional//EN"
    "http://www.w3.org/TR/xhtml1/DTD/xhtml1-transitional.dtd">
<html xmlns="http://www.w3.org/1999/xhtml" xml:lang="en" lang="en">
 <head>
  <title>
</title>
<meta http-equiv="Content-Type" content="text/html;charset=utf-8" />
  <meta name='ocr-system' content='tesseract 3.04.00' />
  <meta name='ocr-capabilities' content='ocr_page ocr_carea ocr_par ocr_line ocrx_word'/>
</head>
<body>
  <div class='ocr_page' id='page_1' title='image "aristophaniscom00brungoog_0230.png"; bbox 0 0 2875 4984; ppageno 0'>
   <div class='ocr_carea' id='block_1_1' title="bbox 292 364 1032 431">
    <p class='ocr_par' dir='ltr' id='par_1_1' title="bbox 292 364 1032 431">
     <span class='ocr_line' id='line_1_1' title="bbox 292 364 1032 431; baseline -0.005 0"><span class='ocrx_word' id='word_1_1' title='bbox 292 374 351 431; x_wconf 77' lang='lat'>222</span> <span class='ocrx_word' id='word_1_2' title='bbox 643 364 1032 430; x_wconf 75' lang='lat' dir='ltr'>ARISTOPIIANIS</span> 
     </span>
    </p>
   </div>
   <div class='ocr_carea' id='block_1_2' title="bbox 290 522 1415 1085">
    <p class='ocr_par' dir='ltr' id='par_1_2' title="bbox 290 522 1415 1085">
     <span class='ocr_line' id='line_1_2' title="bbox 290 522 1370 603; baseline -0.006 -18"><span class='ocrx_word' id='word_1_3' title='bbox 290 542 399 603; x_wconf 83' lang='lat' dir='ltr'>gamus,</span> <span class='ocrx_word' id='word_1_4' title='bbox 412 524 552 599; x_wconf 86' lang='lat' dir='ltr'>simulque</span> <span class='ocrx_word' id='word_1_5' title='bbox 566 542 626 584; x_wconf 88' lang='lat' dir='ltr'>oum</span> <span class='ocrx_word' id='word_1_6' title='bbox 640 527 756 584; x_wconf 88' lang='lat' dir='ltr'>lucerna</span> <span class='ocrx_word' id='word_1_7' title='bbox 767 543 968 600; x_wconf 74' lang='lat' dir='ltr'>usquequaque</span> <span class='ocrx_word' id='word_1_8' title='bbox 984 523 1174 600; x_wconf 83' lang='lat' dir='ltr'>dispiciamus,</span> <span class='ocrx_word' id='word_1_9' title='bbox 1188 542 1226 583; x_wconf 87' lang='lat' dir='ltr'>ne</span> <span class='ocrx_word' id='word_1_10' title='bbox 1248 522 1311 597; x_wconf 85' lang='lat' dir='ltr'>quis</span> <span class='ocrx_word' id='word_1_11' title='bbox 1335 540 1370 583; x_wconf 83' lang='lat' dir='ltr'>ex</span> 
     </span>
     <span class='ocr_line' id='line_1_3' title="bbox 290 606 908 681; baseline -0.008 -14"><span class='ocrx_word' id='word_1_12' title='bbox 290 608 396 667; x_wconf 72' lang='lat' dir='ltr'><strong>insidiis</strong></span> <span class='ocrx_word' id='word_1_13' title='bbox 409 606 603 681; x_wconf 85' lang='lat' dir='ltr'>imprudentes</span> <span class='ocrx_word' id='word_1_14' title='bbox 616 625 668 665; x_wconf 89' lang='lat' dir='ltr'>nos</span> <span class='ocrx_word' id='word_1_15' title='bbox 679 608 832 681; x_wconf 85' lang='lat' dir='ltr'>opprimat.</span> <span class='ocrx_word' id='word_1_16' title='bbox 904 644 908 655; x_wconf 79' lang='lat'><em>·</em></span> 
     </span>
     <span class='ocr_line' id='line_1_4' title="bbox 329 684 1254 761; baseline -0.001 -15"><span class='ocrx_word' id='word_1_17' title='bbox 329 684 452 746; x_wconf 80' lang='lat' dir='ltr'>PUER.</span> <span class='ocrx_word' id='word_1_18' title='bbox 474 685 579 744; x_wconf 87' lang='lat' dir='ltr'>Lutum</span> <span class='ocrx_word' id='word_1_19' title='bbox 593 688 680 760; x_wconf 89' lang='lat' dir='ltr'>istud,</span> <span class='ocrx_word' id='word_1_20' title='bbox 694 688 734 743; x_wconf 90' lang='lat' dir='ltr'>mi</span> <span class='ocrx_word' id='word_1_21' title='bbox 748 694 837 761; x_wconf 85' lang='lat' dir='ltr'>pater,</span> <span class='ocrx_word' id='word_1_22' title='bbox 852 693 943 759; x_wconf 83' lang='lat' dir='ltr'>peter,</span> <span class='ocrx_word' id='word_1_23' title='bbox 959 704 1035 743; x_wconf 87' lang='lat' dir='ltr'>care.</span> <span class='ocrx_word' id='word_1_24' title='bbox 1072 731 1076 741; x_wconf 91' lang='lat'>.</span> <span class='ocrx_word' id='word_1_25' title='bbox 1251 738 1254 745; x_wconf 91' lang='lat'>.</span> 
     </span>
     <span class='ocr_line' id='line_1_5' title="bbox 295 765 1302 843; baseline -0.002 -18"><span class='ocrx_word' id='word_1_26' title='bbox 295 821 299 831; x_wconf 83' lang='grc'><strong>,</strong></span> <span class='ocrx_word' id='word_1_27' title='bbox 330 765 453 825; x_wconf 83' lang='lat' dir='ltr'>CHOR.</span> <span class='ocrx_word' id='word_1_28' title='bbox 475 766 523 823; x_wconf 85' lang='lat' dir='ltr'>Tu</span> <span class='ocrx_word' id='word_1_29' title='bbox 535 770 622 843; x_wconf 83' lang='lat' dir='ltr'>igitur</span> <span class='ocrx_word' id='word_1_30' title='bbox 636 768 714 824; x_wconf 90' lang='lat' dir='ltr'>bumi</span> <span class='ocrx_word' id='word_1_31' title='bbox 726 768 861 825; x_wconf 88' lang='lat' dir='ltr'>festucam</span> <span class='ocrx_word' id='word_1_32' title='bbox 873 784 962 835; x_wconf 88' lang='lat' dir='ltr'>sume,</span> <span class='ocrx_word' id='word_1_33' title='bbox 977 776 1005 823; x_wconf 88' lang='lat' dir='ltr'>ct</span> <span class='ocrx_word' id='word_1_34' title='bbox 1019 768 1160 823; x_wconf 87' lang='lat' dir='ltr'>lucernam</span> <span class='ocrx_word' id='word_1_35' title='bbox 1173 784 1302 842; x_wconf 85' lang='lat' dir='ltr'>emunge.</span> 
     </span>
     <span class='ocr_line' id='line_1_6' title="bbox 330 845 1369 923; baseline -0.006 -18"><span class='ocrx_word' id='word_1_36' title='bbox 330 845 452 906; x_wconf 75' lang='lat' dir='ltr'>Punic.</span> <span class='ocrx_word' id='word_1_37' title='bbox 466 846 546 906; x_wconf 92' lang='lat' dir='ltr'>Non.</span> <span class='ocrx_word' id='word_1_38' title='bbox 563 847 616 905; x_wconf 91' lang='lat' dir='ltr'>Sed</span> <span class='ocrx_word' id='word_1_39' title='bbox 623 850 711 906; x_wconf 92' lang='lat' dir='ltr'>hocce</span> <span class='ocrx_word' id='word_1_40' title='bbox 724 849 814 923; x_wconf 87' lang='lat' dir='ltr'>digito</span> <span class='ocrx_word' id='word_1_41' title='bbox 822 847 890 905; x_wconf 90' lang='lat' dir='ltr'>mibi</span> <span class='ocrx_word' id='word_1_42' title='bbox 903 848 1001 905; x_wconf 77' lang='lat' dir='ltr'>videor</span> <span class='ocrx_word' id='word_1_43' title='bbox 1011 849 1151 905; x_wconf 83' lang='lat' dir='ltr'>lucernam</span> <span class='ocrx_word' id='word_1_44' title='bbox 1161 848 1255 922; x_wconf 89' lang='lat' dir='ltr'>probe</span> <span class='ocrx_word' id='word_1_45' title='bbox 1268 865 1369 905; x_wconf 89' lang='lat' dir='ltr'>emuu.</span> 
     </span>
     <span class='ocr_line' id='line_1_7' title="bbox 290 933 1221 987; baseline 0 0"><span class='ocrx_word' id='word_1_46' title='bbox 290 933 396 987; x_wconf 81' lang='lat' dir='ltr'>etunu.</span> <span class='ocrx_word' id='word_1_47' title='bbox 1216 976 1221 987; x_wconf 95' lang='lat'>.</span> 
     </span>
     <span class='ocr_line' id='line_1_8' title="bbox 331 1004 1415 1085; baseline -0.004 -20"><span class='ocrx_word' id='word_1_48' title='bbox 331 1007 463 1068; x_wconf 71' lang='lat' dir='ltr'>CHOR.</span> <span class='ocrx_word' id='word_1_49' title='bbox 476 1009 680 1080; x_wconf 70' lang='lat' dir='ltr'>Quamobrem,</span> <span class='ocrx_word' id='word_1_50' title='bbox 696 1009 715 1066; x_wconf 86' lang='grc' dir='ltr'><strong>ὃ</strong></span> <span class='ocrx_word' id='word_1_51' title='bbox 729 1011 824 1081; x_wconf 86' lang='lat' dir='ltr'>stulte,</span> <span class='ocrx_word' id='word_1_52' title='bbox 833 1009 923 1082; x_wconf 85' lang='lat' dir='ltr'>digito</span> <span class='ocrx_word' id='word_1_53' title='bbox 933 1026 1083 1083; x_wconf 75' lang='lat' dir='ltr'>promoves</span> <span class='ocrx_word' id='word_1_54' title='bbox 1093 1007 1279 1085; x_wconf 80' lang='lat' dir='ltr'>ellychnium,</span> <span class='ocrx_word' id='word_1_55' title='bbox 1293 1026 1369 1081; x_wconf 86' lang='lat' dir='ltr'>prae.</span> <span class='ocrx_word' id='word_1_56' title='bbox 1414 1004 1415 1061; x_wconf 86' lang='lat' dir='ltr'>l</span> 
     </span>
    </p>
   </div>
   <div class='ocr_carea' id='block_1_3' title="bbox 264 1078 1417 3976">
    <p class='ocr_par' dir='ltr' id='par_1_3' title="bbox 264 1078 1417 3976">
     <span class='ocr_line' id='line_1_9' title="bbox 290 1078 1415 1165; baseline -0.004 -18"><span class='ocrx_word' id='word_1_57' title='bbox 290 1090 385 1147; x_wconf 81' lang='lat' dir='ltr'>sertim</span> <span class='ocrx_word' id='word_1_58' title='bbox 398 1090 428 1147; x_wconf 89' lang='lat' dir='ltr'>iu</span> <span class='ocrx_word' id='word_1_59' title='bbox 439 1091 494 1148; x_wconf 84' lang='lat' dir='ltr'>iata</span> <span class='ocrx_word' id='word_1_60' title='bbox 505 1091 562 1149; x_wconf 88' lang='lat' dir='ltr'>olei</span> <span class='ocrx_word' id='word_1_61' title='bbox 576 1091 718 1165; x_wconf 84' lang='lat' dir='ltr'>penuria?</span> <span class='ocrx_word' id='word_1_62' title='bbox 742 1090 897 1149; x_wconf 85' lang='lat' dir='ltr'>nonenim</span> <span class='ocrx_word' id='word_1_63' title='bbox 918 1095 945 1147; x_wconf 76' lang='lat' dir='ltr'>fe</span> <span class='ocrx_word' id='word_1_64' title='bbox 967 1090 1089 1163; x_wconf 84' lang='lat' dir='ltr'>mordet,</span> <span class='ocrx_word' id='word_1_65' title='bbox 1103 1091 1219 1163; x_wconf 85' lang='lat' dir='ltr'>quando</span> <span class='ocrx_word' id='word_1_66' title='bbox 1240 1106 1306 1146; x_wconf 88' lang='lat' dir='ltr'>care</span> <span class='ocrx_word' id='word_1_67' title='bbox 1326 1095 1369 1145; x_wconf 88' lang='lat' dir='ltr'>est</span> <span class='ocrx_word' id='word_1_68' title='bbox 1414 1078 1415 1153; x_wconf 72' lang='lat' dir='ltr'>l</span> 
     </span>
     <span class='ocr_line' id='line_1_10' title="bbox 290 1170 1415 1229; baseline -0.001 0"><span class='ocrx_word' id='word_1_69' title='bbox 290 1170 449 1229; x_wconf 82' lang='lat' dir='ltr'>emendum.</span> <span class='ocrx_word' id='word_1_70' title='bbox 1414 1174 1415 1191; x_wconf 67' lang='lat'>³</span> 
     </span>
     <span class='ocr_line' id='line_1_11' title="bbox 290 1246 1369 1329; baseline -0.003 -23"><span class='ocrx_word' id='word_1_71' title='bbox 290 1283 295 1291; x_wconf 90' lang='lat'><strong>·</strong></span> <span class='ocrx_word' id='word_1_72' title='bbox 330 1247 452 1308; x_wconf 82' lang='lat' dir='ltr'>PUER.</span> <span class='ocrx_word' id='word_1_73' title='bbox 474 1249 596 1325; x_wconf 81' lang='lat' dir='ltr'>Edepol,</span> <span class='ocrx_word' id='word_1_74' title='bbox 607 1255 631 1310; x_wconf 91' lang='lat' dir='ltr'>si</span> <span class='ocrx_word' id='word_1_75' title='bbox 651 1256 765 1329; x_wconf 74' lang='lat' dir='ltr'>pergitis</span> <span class='ocrx_word' id='word_1_76' title='bbox 780 1252 878 1326; x_wconf 83' lang='lat' dir='ltr'>pugnis</span> <span class='ocrx_word' id='word_1_77' title='bbox 892 1268 944 1307; x_wconf 91' lang='lat' dir='ltr'>nos</span> <span class='ocrx_word' id='word_1_78' title='bbox 956 1250 1208 1323; x_wconf 70' lang='lat' dir='ltr'>commonefacere,</span> <span class='ocrx_word' id='word_1_79' title='bbox 1222 1246 1369 1329; x_wconf 81' lang='lat' dir='ltr'>exstinctis</span> 
     </span>
     <span class='ocr_line' id='line_1_12' title="bbox 288 1330 1369 1391; baseline -0.002 -4"><span class='ocrx_word' id='word_1_80' title='bbox 288 1330 479 1388; x_wconf 85' lang='lat' dir='ltr'>lucernisnos</span> <span class='ocrx_word' id='word_1_81' title='bbox 492 1335 606 1391; x_wconf 88' lang='lat' dir='ltr'>domum</span> <span class='ocrx_word' id='word_1_82' title='bbox 619 1334 777 1391; x_wconf 79' lang='lat' dir='ltr'>abibimus:</span> <span class='ocrx_word' id='word_1_83' title='bbox 803 1338 863 1388; x_wconf 92' lang='lat' dir='ltr'>tum</span> <span class='ocrx_word' id='word_1_84' title='bbox 884 1331 961 1389; x_wconf 86' lang='lat' dir='ltr'>forte</span> <span class='ocrx_word' id='word_1_85' title='bbox 981 1332 1010 1387; x_wconf 92' lang='lat' dir='ltr'>in</span> <span class='ocrx_word' id='word_1_86' title='bbox 1033 1330 1155 1389; x_wconf 82' lang='lat' dir='ltr'>tenebris</span> <span class='ocrx_word' id='word_1_87' title='bbox 1177 1330 1232 1387; x_wconf 90' lang='lat' dir='ltr'>hac</span> <span class='ocrx_word' id='word_1_88' title='bbox 1251 1330 1369 1389; x_wconf 87' lang='lat' dir='ltr'>lucerna</span> 
     </span>
     <span class='ocr_line' id='line_1_13' title="bbox 291 1414 1354 1485; baseline -0.002 -17"><span class='ocrx_word' id='word_1_89' title='bbox 291 1428 399 1482; x_wconf 89' lang='lat' dir='ltr'>carens,</span> <span class='ocrx_word' id='word_1_90' title='bbox 415 1415 503 1469; x_wconf 83' lang='lat' dir='ltr'>lotum</span> <span class='ocrx_word' id='word_1_91' title='bbox 518 1414 645 1471; x_wconf 87' lang='lat' dir='ltr'>turbabis</span> <span class='ocrx_word' id='word_1_92' title='bbox 657 1418 816 1483; x_wconf 79' lang='lat' dir='ltr'>ambulans,</span> <span class='ocrx_word' id='word_1_93' title='bbox 831 1414 963 1485; x_wconf 85' lang='lat' dir='ltr'>tauquam</span> <span class='ocrx_word' id='word_1_94' title='bbox 975 1416 1100 1484; x_wconf 86' lang='lat' dir='ltr'>attagen.</span> <span class='ocrx_word' id='word_1_95' title='bbox 1268 1418 1271 1427; x_wconf 86' lang='lat'><em>&#39;</em></span> <span class='ocrx_word' id='word_1_96' title='bbox 1352 1452 1354 1455; x_wconf 84' lang='lat'>-</span> 
     </span>
     <span class='ocr_line' id='line_1_14' title="bbox 331 1489 1354 1568; baseline -0.003 -20"><span class='ocrx_word' id='word_1_97' title='bbox 331 1489 454 1551; x_wconf 85' lang='lat' dir='ltr'>CHOR.</span> <span class='ocrx_word' id='word_1_98' title='bbox 479 1492 614 1553; x_wconf 78' lang='lat' dir='ltr'>Profecto</span> <span class='ocrx_word' id='word_1_99' title='bbox 625 1514 679 1568; x_wconf 87' lang='lat' dir='ltr'>ego</span> <span class='ocrx_word' id='word_1_100' title='bbox 689 1498 761 1553; x_wconf 86' lang='lat' dir='ltr'>alios</span> <span class='ocrx_word' id='word_1_101' title='bbox 773 1494 856 1550; x_wconf 87' lang='lat' dir='ltr'>etiam</span> <span class='ocrx_word' id='word_1_102' title='bbox 869 1501 898 1549; x_wconf 86' lang='lat' dir='ltr'>te</span> <span class='ocrx_word' id='word_1_103' title='bbox 911 1492 1034 1566; x_wconf 86' lang='lat' dir='ltr'>majorca</span> <span class='ocrx_word' id='word_1_104' title='bbox 1049 1492 1164 1565; x_wconf 86' lang='lat' dir='ltr'>castigo.</span> <span class='ocrx_word' id='word_1_105' title='bbox 1206 1489 1262 1548; x_wconf 88' lang='lat' dir='ltr'>Sed</span> <span class='ocrx_word' id='word_1_106' title='bbox 1282 1490 1354 1547; x_wconf 90' lang='lat' dir='ltr'>istud</span> 
     </span>
     <span class='ocr_line' id='line_1_15' title="bbox 288 1570 1368 1646; baseline -0.003 -18"><span class='ocrx_word' id='word_1_107' title='bbox 288 1573 365 1643; x_wconf 76' lang='lat' dir='ltr'>quod</span> <span class='ocrx_word' id='word_1_108' title='bbox 377 1575 467 1646; x_wconf 86' lang='lat' dir='ltr'>calco,</span> <span class='ocrx_word' id='word_1_109' title='bbox 483 1575 550 1631; x_wconf 87' lang='lat' dir='ltr'>mihi</span> <span class='ocrx_word' id='word_1_110' title='bbox 562 1594 674 1633; x_wconf 84' lang='lat' dir='ltr'>coenum</span> <span class='ocrx_word' id='word_1_111' title='bbox 686 1578 809 1646; x_wconf 84' lang='lat' dir='ltr'>ridetur.</span> <span class='ocrx_word' id='word_1_112' title='bbox 838 1570 875 1629; x_wconf 84' lang='lat' dir='ltr'>Et</span> <span class='ocrx_word' id='word_1_113' title='bbox 887 1573 988 1629; x_wconf 90' lang='lat' dir='ltr'>mirum</span> <span class='ocrx_word' id='word_1_114' title='bbox 1001 1572 1030 1628; x_wconf 90' lang='lat' dir='ltr'>ni</span> <span class='ocrx_word' id='word_1_115' title='bbox 1045 1578 1170 1642; x_wconf 86' lang='lat' dir='ltr'>quatuor</span> <span class='ocrx_word' id='word_1_116' title='bbox 1181 1571 1218 1627; x_wconf 91' lang='lat' dir='ltr'>ad</span> <span class='ocrx_word' id='word_1_117' title='bbox 1230 1588 1368 1627; x_wconf 90' lang='lat' dir='ltr'>summum</span> 
     </span>
     <span class='ocr_line' id='line_1_16' title="bbox 290 1650 1367 1729; baseline 0 -22"><span class='ocrx_word' id='word_1_118' title='bbox 290 1654 330 1709; x_wconf 91' lang='lat' dir='ltr'>cis</span> <span class='ocrx_word' id='word_1_119' title='bbox 343 1652 402 1711; x_wconf 91' lang='lat' dir='ltr'>dies</span> <span class='ocrx_word' id='word_1_120' title='bbox 415 1673 527 1711; x_wconf 87' lang='lat' dir='ltr'>necesse</span> <span class='ocrx_word' id='word_1_121' title='bbox 538 1656 624 1713; x_wconf 85' lang='lat' dir='ltr'>fuerit</span> <span class='ocrx_word' id='word_1_122' title='bbox 635 1656 736 1715; x_wconf 78' lang='lat' dir='ltr'>Jorem</span> <span class='ocrx_word' id='word_1_123' title='bbox 753 1656 869 1729; x_wconf 81' lang='lat' dir='ltr'>pluere:</span> <span class='ocrx_word' id='word_1_124' title='bbox 891 1652 962 1709; x_wconf 90' lang='lat' dir='ltr'>adeo</span> <span class='ocrx_word' id='word_1_125' title='bbox 976 1654 1118 1709; x_wconf 81' lang='lat' dir='ltr'>increvere</span> <span class='ocrx_word' id='word_1_126' title='bbox 1131 1650 1159 1706; x_wconf 92' lang='lat' dir='ltr'>iu</span> <span class='ocrx_word' id='word_1_127' title='bbox 1168 1651 1292 1707; x_wconf 86' lang='lat' dir='ltr'>lucernis</span> <span class='ocrx_word' id='word_1_128' title='bbox 1302 1652 1367 1707; x_wconf 84' lang='lat' dir='ltr'>fun·</span> 
     </span>
     <span class='ocr_line' id='line_1_17' title="bbox 288 1730 1367 1807; baseline -0.002 -20"><span class='ocrx_word' id='word_1_129' title='bbox 288 1732 340 1806; x_wconf 80' lang='lat' dir='ltr'>gi:</span> <span class='ocrx_word' id='word_1_130' title='bbox 365 1734 439 1789; x_wconf 87' lang='lat' dir='ltr'>solet</span> <span class='ocrx_word' id='word_1_131' title='bbox 449 1736 639 1806; x_wconf 75' lang='lat' dir='ltr'>autem&#39;qnam</span> <span class='ocrx_word' id='word_1_132' title='bbox 664 1738 795 1807; x_wconf 82' lang='lat' dir='ltr'>maxime,</span> <span class='ocrx_word' id='word_1_133' title='bbox 810 1734 833 1787; x_wconf 75' lang='lat' dir='ltr'>si</span> <span class='ocrx_word' id='word_1_134' title='bbox 844 1733 919 1789; x_wconf 84' lang='lat' dir='ltr'>istud</span> <span class='ocrx_word' id='word_1_135' title='bbox 934 1732 994 1801; x_wconf 87' lang='lat' dir='ltr'>fiat,</span> <span class='ocrx_word' id='word_1_136' title='bbox 1007 1734 1114 1804; x_wconf 75' lang='lat' dir='ltr'>pluere.</span> <span class='ocrx_word' id='word_1_137' title='bbox 1156 1730 1306 1803; x_wconf 68' lang='lat' dir='ltr'>Fbpetuut</span> <span class='ocrx_word' id='word_1_138' title='bbox 1317 1749 1367 1788; x_wconf 87' lang='lat' dir='ltr'>au.</span> 
     </span>
     <span class='ocr_line' id='line_1_18' title="bbox 289 1809 1366 1888; baseline 0.001 -20"><span class='ocrx_word' id='word_1_139' title='bbox 289 1819 348 1868; x_wconf 89' lang='lat' dir='ltr'>tem</span> <span class='ocrx_word' id='word_1_140' title='bbox 367 1813 490 1885; x_wconf 85' lang='lat' dir='ltr'>fructus,</span> <span class='ocrx_word' id='word_1_141' title='bbox 512 1814 677 1888; x_wconf 85' lang='lat' dir='ltr'>quicunque</span> <span class='ocrx_word' id='word_1_142' title='bbox 696 1823 765 1873; x_wconf 87' lang='lat' dir='ltr'>sunt</span> <span class='ocrx_word' id='word_1_143' title='bbox 783 1814 912 1880; x_wconf 84' lang='lat' dir='ltr'>serotini,</span> <span class='ocrx_word' id='word_1_144' title='bbox 935 1812 1059 1884; x_wconf 79' lang='lat' dir='ltr'>pluriam</span> <span class='ocrx_word' id='word_1_145' title='bbox 1082 1820 1112 1869; x_wconf 89' lang='lat' dir='ltr'>et</span> <span class='ocrx_word' id='word_1_146' title='bbox 1133 1809 1239 1875; x_wconf 71' lang='lat' dir='ltr'>Boreae,</span> <span class='ocrx_word' id='word_1_147' title='bbox 1258 1813 1366 1873; x_wconf 84' lang='lat' dir='ltr'>flatum.</span> 
     </span>
     <span class='ocr_line' id='line_1_19' title="bbox 289 1888 1366 1969; baseline 0 -22"><span class='ocrx_word' id='word_1_148' title='bbox 289 1888 434 1957; x_wconf 87' lang='lat' dir='ltr'>Quidnam</span> <span class='ocrx_word' id='word_1_149' title='bbox 445 1895 512 1951; x_wconf 86' lang='lat' dir='ltr'>buic</span> <span class='ocrx_word' id='word_1_150' title='bbox 522 1896 613 1954; x_wconf 86' lang='lat' dir='ltr'>sodali</span> <span class='ocrx_word' id='word_1_151' title='bbox 625 1905 727 1954; x_wconf 85' lang='lat' dir='ltr'>nostro</span> <span class='ocrx_word' id='word_1_152' title='bbox 737 1892 841 1969; x_wconf 88' lang='lat' dir='ltr'>judici,</span> <span class='ocrx_word' id='word_1_153' title='bbox 857 1891 949 1965; x_wconf 89' lang='lat' dir='ltr'>quiin</span> <span class='ocrx_word' id='word_1_154' title='bbox 962 1892 1039 1950; x_wconf 86' lang='lat' dir='ltr'>bisce</span> <span class='ocrx_word' id='word_1_155' title='bbox 1059 1890 1169 1949; x_wconf 83' lang='lat' dir='ltr'>habitat</span> <span class='ocrx_word' id='word_1_156' title='bbox 1188 1894 1309 1966; x_wconf 81' lang='lat' dir='ltr'>sedibus,</span> <span class='ocrx_word' id='word_1_157' title='bbox 1322 1894 1366 1949; x_wconf 86' lang='lat' dir='ltr'>di.</span> 
     </span>
     <span class='ocr_line' id='line_1_20' title="bbox 289 1971 1416 2047; baseline 0.005 -20"><span class='ocrx_word' id='word_1_158' title='bbox 289 1974 509 2043; x_wconf 78' lang='lat' dir='ltr'>oumaccldme,</span> <span class='ocrx_word' id='word_1_159' title='bbox 523 1974 600 2045; x_wconf 88' lang='lat' dir='ltr'>quod</span> <span class='ocrx_word' id='word_1_160' title='bbox 611 1993 670 2031; x_wconf 92' lang='lat' dir='ltr'>nou</span> <span class='ocrx_word' id='word_1_161' title='bbox 684 1976 782 2047; x_wconf 82' lang='lat' dir='ltr'>prodit</span> <span class='ocrx_word' id='word_1_162' title='bbox 794 1976 848 2032; x_wconf 90' lang='lat' dir='ltr'>huc</span> <span class='ocrx_word' id='word_1_163' title='bbox 860 1973 896 2029; x_wconf 87' lang='lat' dir='ltr'>ad</span> <span class='ocrx_word' id='word_1_164' title='bbox 909 1992 1020 2047; x_wconf 80' lang='lat' dir='ltr'>gregem</span> <span class='ocrx_word' id='word_1_165' title='bbox 1034 1980 1163 2031; x_wconf 84' lang='lat' dir='ltr'>nostrum</span> <span class='ocrx_word' id='word_1_166' title='bbox 1176 1971 1187 2027; x_wconf 77' lang='grc' dir='ltr'><strong><em>ἲ</em></strong></span> <span class='ocrx_word' id='word_1_167' title='bbox 1208 1988 1278 2032; x_wconf 83' lang='lat' dir='ltr'>saue</span> <span class='ocrx_word' id='word_1_168' title='bbox 1288 1980 1367 2029; x_wconf 85' lang='lat' dir='ltr'>aute.</span> <span class='ocrx_word' id='word_1_169' title='bbox 1415 2002 1416 2033; x_wconf 86' lang='lat' dir='ltr'>l</span> 
     </span>
     <span class='ocr_line' id='line_1_21' title="bbox 289 2038 1416 2125; baseline 0.006 -19"><span class='ocrx_word' id='word_1_170' title='bbox 289 2050 344 2109; x_wconf 85' lang='lat' dir='ltr'>hac</span> <span class='ocrx_word' id='word_1_171' title='bbox 357 2071 416 2110; x_wconf 91' lang='lat' dir='ltr'>nou</span> <span class='ocrx_word' id='word_1_172' title='bbox 430 2053 787 2113; x_wconf 81' lang='lat' dir='ltr'>solebatremulcotrabi:</span> <span class='ocrx_word' id='word_1_173' title='bbox 809 2053 857 2111; x_wconf 86' lang='lat' dir='ltr'>sed</span> <span class='ocrx_word' id='word_1_174' title='bbox 879 2056 983 2125; x_wconf 86' lang='lat' dir='ltr'>primus</span> <span class='ocrx_word' id='word_1_175' title='bbox 1004 2052 1087 2109; x_wconf 84' lang='lat' dir='ltr'>nobis</span> <span class='ocrx_word' id='word_1_176' title='bbox 1109 2054 1230 2125; x_wconf 74' lang='lat' dir='ltr'>preibat</span> <span class='ocrx_word' id='word_1_177' title='bbox 1250 2062 1365 2111; x_wconf 85' lang='lat' dir='ltr'>cantans</span> <span class='ocrx_word' id='word_1_178' title='bbox 1415 2038 1416 2113; x_wconf 75' lang='lat' dir='ltr'>i</span> 
     </span>
     <span class='ocr_line' id='line_1_22' title="bbox 289 2129 1367 2208; baseline 0.002 -21"><span class='ocrx_word' id='word_1_179' title='bbox 289 2129 447 2208; x_wconf 78' lang='lat' dir='ltr'>Phrynicbi</span> <span class='ocrx_word' id='word_1_180' title='bbox 467 2151 601 2206; x_wconf 77' lang='lat' dir='ltr'>carmeu3</span> <span class='ocrx_word' id='word_1_181' title='bbox 622 2136 726 2193; x_wconf 84' lang='lat' dir='ltr'>etenim</span> <span class='ocrx_word' id='word_1_182' title='bbox 738 2144 782 2193; x_wconf 85' lang='lat' dir='ltr'>est</span> <span class='ocrx_word' id='word_1_183' title='bbox 803 2140 902 2193; x_wconf 85' lang='lat' dir='ltr'>cantus</span> <span class='ocrx_word' id='word_1_184' title='bbox 921 2150 1041 2191; x_wconf 82' lang='lat' dir='ltr'>amaus:</span> <span class='ocrx_word' id='word_1_185' title='bbox 1064 2135 1112 2190; x_wconf 88' lang='lat' dir='ltr'>sed</span> <span class='ocrx_word' id='word_1_186' title='bbox 1132 2151 1185 2206; x_wconf 84' lang='lat' dir='ltr'>ego</span> <span class='ocrx_word' id='word_1_187' title='bbox 1207 2150 1319 2205; x_wconf 86' lang='lat' dir='ltr'>censeo,</span> <span class='ocrx_word' id='word_1_188' title='bbox 1335 2140 1367 2189; x_wconf 87' lang='lat' dir='ltr'>ut</span> 
     </span>
     <span class='ocr_line' id='line_1_23' title="bbox 288 2211 1365 2286; baseline 0.007 -19"><span class='ocrx_word' id='word_1_189' title='bbox 288 2211 334 2269; x_wconf 91' lang='lat' dir='ltr'>bic</span> <span class='ocrx_word' id='word_1_190' title='bbox 353 2215 506 2286; x_wconf 79' lang='lat' dir='ltr'>stantos,6</span> <span class='ocrx_word' id='word_1_191' title='bbox 527 2216 592 2286; x_wconf 84' lang='lat' dir='ltr'>uiri,</span> <span class='ocrx_word' id='word_1_192' title='bbox 613 2223 643 2271; x_wconf 91' lang='lat' dir='ltr'>et</span> <span class='ocrx_word' id='word_1_193' title='bbox 662 2223 808 2271; x_wconf 74' lang='lat' dir='ltr'>cantamen</span> <span class='ocrx_word' id='word_1_194' title='bbox 830 2232 893 2271; x_wconf 88' lang='lat' dir='ltr'>eum</span> <span class='ocrx_word' id='word_1_195' title='bbox 916 2213 1056 2271; x_wconf 86' lang='lat' dir='ltr'>eliciamus</span> <span class='ocrx_word' id='word_1_196' title='bbox 1068 2233 1078 2285; x_wconf 89' lang='lat'>;</span> <span class='ocrx_word' id='word_1_197' title='bbox 1109 2214 1132 2269; x_wconf 86' lang='lat' dir='ltr'>si</span> <span class='ocrx_word' id='word_1_198' title='bbox 1150 2214 1228 2273; x_wconf 85' lang='lat' dir='ltr'>forte</span> <span class='ocrx_word' id='word_1_199' title='bbox 1249 2217 1365 2275; x_wconf 74' lang='lat' dir='ltr'>audiens</span> 
     </span>
     <span class='ocr_line' id='line_1_24' title="bbox 264 2293 1037 2368; baseline 0.005 -21"><span class='ocrx_word' id='word_1_200' title='bbox 264 2300 267 2307; x_wconf 86' lang='lat'>&#39;</span> <span class='ocrx_word' id='word_1_201' title='bbox 286 2308 375 2348; x_wconf 89' lang='lat' dir='ltr'>meam</span> <span class='ocrx_word' id='word_1_202' title='bbox 390 2294 556 2349; x_wconf 83' lang='lat' dir='ltr'>cantilenam</span> <span class='ocrx_word' id='word_1_203' title='bbox 569 2311 629 2367; x_wconf 84' lang='lat' dir='ltr'>prae</span> <span class='ocrx_word' id='word_1_204' title='bbox 641 2296 791 2367; x_wconf 83' lang='lat' dir='ltr'>uoluptate</span> <span class='ocrx_word' id='word_1_205' title='bbox 805 2299 939 2368; x_wconf 83' lang='lat' dir='ltr'>prorepat</span> <span class='ocrx_word' id='word_1_206' title='bbox 951 2293 1037 2351; x_wconf 87' lang='lat' dir='ltr'>foras.</span> 
     </span>
     <span class='ocr_line' id='line_1_25' title="bbox 288 2370 1366 2449; baseline 0.005 -22"><span class='ocrx_word' id='word_1_207' title='bbox 288 2412 291 2418; x_wconf 85' lang='lat'>.</span> <span class='ocrx_word' id='word_1_208' title='bbox 329 2370 409 2439; x_wconf 87' lang='lat' dir='ltr'>Quid</span> <span class='ocrx_word' id='word_1_209' title='bbox 422 2389 512 2429; x_wconf 80' lang='lat' dir='ltr'>causae</span> <span class='ocrx_word' id='word_1_210' title='bbox 525 2381 579 2446; x_wconf 89' lang='lat' dir='ltr'>cst,</span> <span class='ocrx_word' id='word_1_211' title='bbox 594 2376 779 2446; x_wconf 85' lang='lat' dir='ltr'>quamobrem</span> <span class='ocrx_word' id='word_1_212' title='bbox 793 2383 858 2431; x_wconf 86' lang='lat' dir='ltr'>ante</span> <span class='ocrx_word' id='word_1_213' title='bbox 881 2374 986 2431; x_wconf 85' lang='lat' dir='ltr'>ostium</span> <span class='ocrx_word' id='word_1_214' title='bbox 1008 2392 1067 2433; x_wconf 91' lang='lat' dir='ltr'>uon</span> <span class='ocrx_word' id='word_1_215' title='bbox 1087 2379 1212 2449; x_wconf 76' lang='lat' dir='ltr'>apparet,</span> <span class='ocrx_word' id='word_1_216' title='bbox 1227 2374 1310 2433; x_wconf 89' lang='lat' dir='ltr'>nobis</span> <span class='ocrx_word' id='word_1_217' title='bbox 1323 2376 1366 2432; x_wconf 91' lang='lat' dir='ltr'>hic</span> 
     </span>
     <span class='ocr_line' id='line_1_26' title="bbox 287 2453 1366 2528; baseline 0.007 -21"><span class='ocrx_word' id='word_1_218' title='bbox 287 2467 384 2526; x_wconf 82' lang='lat' dir='ltr'>senex,</span> <span class='ocrx_word' id='word_1_219' title='bbox 400 2453 634 2525; x_wconf 45' lang='lat' dir='ltr'>uec‘responsatf</span> <span class='ocrx_word' id='word_1_220' title='bbox 656 2472 720 2511; x_wconf 88' lang='lat' dir='ltr'>uum</span> <span class='ocrx_word' id='word_1_221' title='bbox 735 2454 858 2527; x_wconf 81' lang='lat' dir='ltr'>perdidit</span> <span class='ocrx_word' id='word_1_222' title='bbox 879 2455 1001 2527; x_wconf 81' lang='lat' dir='ltr'>calceos,</span> <span class='ocrx_word' id='word_1_223' title='bbox 1021 2460 1072 2513; x_wconf 83' lang='lat' dir='ltr'>aut</span> <span class='ocrx_word' id='word_1_224' title='bbox 1092 2454 1208 2528; x_wconf 77' lang='lat' dir='ltr'>digitum</span> <span class='ocrx_word' id='word_1_225' title='bbox 1237 2455 1317 2528; x_wconf 87' lang='lat' dir='ltr'>pedis</span> <span class='ocrx_word' id='word_1_226' title='bbox 1337 2457 1366 2515; x_wconf 84' lang='lat' dir='ltr'>in</span> 
     </span>
     <span class='ocr_line' id='line_1_27' title="bbox 284 2531 1366 2612; baseline 0.007 -27"><span class='ocrx_word' id='word_1_227' title='bbox 284 2531 412 2597; x_wconf 58' lang='lat' dir='ltr'>„tenebris</span> <span class='ocrx_word' id='word_1_228' title='bbox 424 2532 527 2589; x_wconf 87' lang='lat' dir='ltr'>alicubi</span> <span class='ocrx_word' id='word_1_229' title='bbox 538 2533 666 2608; x_wconf 81' lang='lat' dir='ltr'>impegit,</span> <span class='ocrx_word' id='word_1_230' title='bbox 681 2535 756 2592; x_wconf 84' lang='lat' dir='ltr'>uude</span> <span class='ocrx_word' id='word_1_231' title='bbox 768 2535 912 2612; x_wconf 80' lang='lat' dir='ltr'>malleolus</span> <span class='ocrx_word' id='word_1_232' title='bbox 926 2533 1101 2595; x_wconf 84' lang='lat' dir='ltr'>ciintumuit</span> <span class='ocrx_word' id='word_1_233' title='bbox 1114 2536 1222 2593; x_wconf 89' lang='lat' dir='ltr'>homini</span> <span class='ocrx_word' id='word_1_234' title='bbox 1234 2534 1316 2593; x_wconf 84' lang='lat' dir='ltr'>seui?</span> <span class='ocrx_word' id='word_1_235' title='bbox 1340 2542 1366 2593; x_wconf 85' lang='lat' dir='ltr'>et</span> 
     </span>
     <span class='ocr_line' id='line_1_28' title="bbox 286 2610 1364 2688; baseline 0.007 -23"><span class='ocrx_word' id='word_1_236' title='bbox 286 2610 363 2669; x_wconf 89' lang='lat' dir='ltr'>forte</span> <span class='ocrx_word' id='word_1_237' title='bbox 374 2614 459 2670; x_wconf 84' lang='lat' dir='ltr'>etiam</span> <span class='ocrx_word' id='word_1_238' title='bbox 471 2613 578 2688; x_wconf 79' lang='lat' dir='ltr'>inguen</span> <span class='ocrx_word' id='word_1_239' title='bbox 590 2616 616 2676; x_wconf 85' lang='lat' dir='ltr'>ei</span> <span class='ocrx_word' id='word_1_240' title='bbox 627 2616 733 2673; x_wconf 89' lang='lat' dir='ltr'>doleat.</span> <span class='ocrx_word' id='word_1_241' title='bbox 776 2616 849 2673; x_wconf 88' lang='lat' dir='ltr'>Saue</span> <span class='ocrx_word' id='word_1_242' title='bbox 872 2616 962 2672; x_wconf 87' lang='lat' dir='ltr'>multo</span> <span class='ocrx_word' id='word_1_243' title='bbox 983 2616 1135 2677; x_wconf 84' lang='lat' dir='ltr'>acerrimus</span> <span class='ocrx_word' id='word_1_244' title='bbox 1155 2622 1218 2673; x_wconf 85' lang='lat' dir='ltr'>orat</span> <span class='ocrx_word' id='word_1_245' title='bbox 1241 2618 1364 2682; x_wconf 87' lang='lat' dir='ltr'>omnium</span> 
     </span>
     <span class='ocr_line' id='line_1_29' title="bbox 286 2692 1364 2770; baseline 0.006 -23"><span class='ocrx_word' id='word_1_246' title='bbox 286 2692 431 2766; x_wconf 76' lang='lat' dir='ltr'>multllm,</span> <span class='ocrx_word' id='word_1_247' title='bbox 443 2696 562 2753; x_wconf 88' lang='lat' dir='ltr'>etsofos</span> <span class='ocrx_word' id='word_1_248' title='bbox 576 2697 706 2753; x_wconf 89' lang='lat' dir='ltr'>oratioue</span> <span class='ocrx_word' id='word_1_249' title='bbox 718 2700 778 2753; x_wconf 83' lang='lat' dir='ltr'>non</span> <span class='ocrx_word' id='word_1_250' title='bbox 791 2696 969 2755; x_wconf 82' lang='lat' dir='ltr'>flectebatur.</span> <span class='ocrx_word' id='word_1_251' title='bbox 1011 2693 1064 2753; x_wconf 84' lang='lat' dir='ltr'>Sed</span> <span class='ocrx_word' id='word_1_252' title='bbox 1083 2697 1108 2753; x_wconf 86' lang='lat' dir='ltr'>si</span> <span class='ocrx_word' id='word_1_253' title='bbox 1127 2695 1244 2769; x_wconf 89' lang='lat' dir='ltr'>quando</span> <span class='ocrx_word' id='word_1_254' title='bbox 1264 2699 1364 2770; x_wconf 86' lang='lat' dir='ltr'>aliquis</span> 
     </span>
     <span class='ocr_line' id='line_1_30' title="bbox 286 2772 1364 2855; baseline 0.005 -27"><span class='ocrx_word' id='word_1_255' title='bbox 286 2790 351 2829; x_wconf 90' lang='lat' dir='ltr'>eum</span> <span class='ocrx_word' id='word_1_256' title='bbox 363 2776 489 2851; x_wconf 84' lang='lat' dir='ltr'>supplex</span> <span class='ocrx_word' id='word_1_257' title='bbox 500 2782 626 2850; x_wconf 85' lang='lat' dir='ltr'>rogaret,</span> <span class='ocrx_word' id='word_1_258' title='bbox 641 2786 702 2834; x_wconf 89' lang='lat' dir='ltr'>tum</span> <span class='ocrx_word' id='word_1_259' title='bbox 714 2778 763 2834; x_wconf 90' lang='lat' dir='ltr'>ille</span> <span class='ocrx_word' id='word_1_260' title='bbox 777 2776 924 2850; x_wconf 76' lang='lat' dir='ltr'>capiterio</span> <span class='ocrx_word' id='word_1_261' title='bbox 938 2775 1056 2833; x_wconf 88' lang='lat' dir='ltr'>demisso</span> <span class='ocrx_word' id='word_1_262' title='bbox 1076 2776 1200 2850; x_wconf 85' lang='lat' dir='ltr'>dicebat,</span> <span class='ocrx_word' id='word_1_263' title='bbox 1209 2772 1364 2855; x_wconf 79' lang='lat' dir='ltr'>,Lapidem</span> 
     </span>
     <span class='ocr_line' id='line_1_31' title="bbox 287 2853 1364 2932; baseline 0.001 -22"><span class='ocrx_word' id='word_1_264' title='bbox 287 2858 394 2929; x_wconf 80' lang='lat' dir='ltr'>coquis.</span> <span class='ocrx_word' id='word_1_265' title='bbox 437 2853 528 2913; x_wconf 86' lang='lat' dir='ltr'>Forte</span> <span class='ocrx_word' id='word_1_266' title='bbox 538 2858 624 2913; x_wconf 87' lang='lat' dir='ltr'>etiam</span> <span class='ocrx_word' id='word_1_267' title='bbox 639 2863 760 2930; x_wconf 87' lang='lat' dir='ltr'>propter</span> <span class='ocrx_word' id='word_1_268' title='bbox 773 2858 858 2913; x_wconf 84' lang='lat' dir='ltr'>istum</span> <span class='ocrx_word' id='word_1_269' title='bbox 872 2855 1025 2927; x_wconf 88' lang='lat' dir='ltr'>hominem,</span> <span class='ocrx_word' id='word_1_270' title='bbox 1040 2858 1087 2928; x_wconf 89' lang='lat' dir='ltr'>qui</span> <span class='ocrx_word' id='word_1_271' title='bbox 1099 2858 1183 2915; x_wconf 86' lang='lat' dir='ltr'>nobis</span> <span class='ocrx_word' id='word_1_272' title='bbox 1203 2856 1266 2915; x_wconf 86' lang='lat' dir='ltr'>heri</span> <span class='ocrx_word' id='word_1_273' title='bbox 1286 2858 1364 2932; x_wconf 89' lang='lat' dir='ltr'>elap.</span> 
     </span>
     <span class='ocr_line' id='line_1_32' title="bbox 284 2934 1363 3014; baseline 0.005 -23"><span class='ocrx_word' id='word_1_274' title='bbox 284 2951 331 2991; x_wconf 85' lang='lat' dir='ltr'>aus</span> <span class='ocrx_word' id='word_1_275' title='bbox 345 2943 399 3007; x_wconf 84' lang='lat' dir='ltr'>est,</span> <span class='ocrx_word' id='word_1_276' title='bbox 413 2935 555 3008; x_wconf 73' lang='lat' dir='ltr'>decipiens</span> <span class='ocrx_word' id='word_1_277' title='bbox 567 2954 633 3009; x_wconf 88' lang='lat' dir='ltr'>nos,</span> <span class='ocrx_word' id='word_1_278' title='bbox 641 2944 670 2993; x_wconf 82' lang='lat' dir='ltr'>ef</span> <span class='ocrx_word' id='word_1_279' title='bbox 680 2938 776 2995; x_wconf 88' lang='lat' dir='ltr'>dicens</span> <span class='ocrx_word' id='word_1_280' title='bbox 786 2934 826 2995; x_wconf 89' lang='lat' dir='ltr'>Se</span> <span class='ocrx_word' id='word_1_281' title='bbox 833 2936 1059 2995; x_wconf 75' lang='lat' dir='ltr'>Atheniensium</span> <span class='ocrx_word' id='word_1_282' title='bbox 1067 2937 1239 3014; x_wconf 73' lang='lat' dir='ltr'>reipublice</span> <span class='ocrx_word' id='word_1_283' title='bbox 1241 2940 1363 3013; x_wconf 81' lang='lat' dir='ltr'>severe,</span> 
     </span>
     <span class='ocr_line' id='line_1_33' title="bbox 286 3012 1361 3093; baseline 0.004 -22"><span class='ocrx_word' id='word_1_284' title='bbox 286 3033 404 3089; x_wconf 74' lang='lat' dir='ltr'>quaque</span> <span class='ocrx_word' id='word_1_285' title='bbox 418 3018 450 3075; x_wconf 81' lang='lat' dir='ltr'>in</span> <span class='ocrx_word' id='word_1_286' title='bbox 470 3012 558 3072; x_wconf 80' lang='lat' dir='ltr'>Samo</span> <span class='ocrx_word' id='word_1_287' title='bbox 579 3024 772 3091; x_wconf 78' lang='lat' dir='ltr'>gererentur,</span> <span class='ocrx_word' id='word_1_288' title='bbox 784 3021 915 3093; x_wconf 80' lang='lat' dir='ltr'>primum</span> <span class='ocrx_word' id='word_1_289' title='bbox 937 3034 968 3072; x_wconf 85' lang='lat' dir='ltr'>se</span> <span class='ocrx_word' id='word_1_290' title='bbox 992 3018 1136 3079; x_wconf 81' lang='lat' dir='ltr'>indicasse</span> <span class='ocrx_word' id='word_1_291' title='bbox 1145 3013 1160 3089; x_wconf 71' lang='lat'>;&#39;</span> <span class='ocrx_word' id='word_1_292' title='bbox 1179 3019 1219 3089; x_wconf 91' lang='lat' dir='ltr'>id,</span> <span class='ocrx_word' id='word_1_293' title='bbox 1233 3020 1361 3092; x_wconf 84' lang='lat' dir='ltr'>iuquam,</span> 
     </span>
     <span class='ocr_line' id='line_1_34' title="bbox 285 3092 1417 3170; baseline 0.01 -20"><span class='ocrx_word' id='word_1_294' title='bbox 285 3111 361 3169; x_wconf 77' lang='lat' dir='ltr'>agre</span> <span class='ocrx_word' id='word_1_295' title='bbox 374 3092 477 3168; x_wconf 83' lang='lat' dir='ltr'>ferens,</span> <span class='ocrx_word' id='word_1_296' title='bbox 489 3096 567 3153; x_wconf 87' lang='lat' dir='ltr'>forte</span> <span class='ocrx_word' id='word_1_297' title='bbox 579 3114 655 3153; x_wconf 86' lang='lat' dir='ltr'>nuuc</span> <span class='ocrx_word' id='word_1_298' title='bbox 671 3096 701 3153; x_wconf 91' lang='lat' dir='ltr'>in</span> <span class='ocrx_word' id='word_1_299' title='bbox 714 3097 796 3157; x_wconf 89' lang='lat' dir='ltr'>febre</span> <span class='ocrx_word' id='word_1_300' title='bbox 809 3100 905 3155; x_wconf 79' lang='lat' dir='ltr'>cubat.</span> <span class='ocrx_word' id='word_1_301' title='bbox 927 3118 928 3123; x_wconf 47' lang='lat'>¹</span> <span class='ocrx_word' id='word_1_302' title='bbox 947 3094 1022 3153; x_wconf 91' lang='lat' dir='ltr'>Nam</span> <span class='ocrx_word' id='word_1_303' title='bbox 1035 3099 1075 3156; x_wconf 85' lang='lat' dir='ltr'>sic</span> <span class='ocrx_word' id='word_1_304' title='bbox 1095 3098 1182 3155; x_wconf 88' lang='lat' dir='ltr'>homo</span> <span class='ocrx_word' id='word_1_305' title='bbox 1203 3104 1256 3159; x_wconf 83' lang='lat' dir='ltr'>est.</span> <span class='ocrx_word' id='word_1_306' title='bbox 1299 3098 1362 3170; x_wconf 89' lang='lat' dir='ltr'>Sed,</span> <span class='ocrx_word' id='word_1_307' title='bbox 1416 3142 1417 3161; x_wconf 72' lang='lat'>.</span> 
     </span>
     <span class='ocr_line' id='line_1_35' title="bbox 287 3173 1363 3252; baseline 0.007 -23"><span class='ocrx_word' id='word_1_308' title='bbox 287 3173 306 3229; x_wconf 86' lang='grc' dir='ltr'><strong>ὃ</strong></span> <span class='ocrx_word' id='word_1_309' title='bbox 321 3176 407 3246; x_wconf 87' lang='lat' dir='ltr'>boue,</span> <span class='ocrx_word' id='word_1_310' title='bbox 420 3193 515 3247; x_wconf 85' lang='lat' dir='ltr'>surge,</span> <span class='ocrx_word' id='word_1_311' title='bbox 528 3181 559 3233; x_wconf 89' lang='lat' dir='ltr'>et</span> <span class='ocrx_word' id='word_1_312' title='bbox 571 3195 607 3233; x_wconf 88' lang='lat' dir='ltr'>ne</span> <span class='ocrx_word' id='word_1_313' title='bbox 619 3182 647 3233; x_wconf 85' lang='lat' dir='ltr'>fe</span> <span class='ocrx_word' id='word_1_314' title='bbox 659 3179 752 3251; x_wconf 86' lang='lat' dir='ltr'>ipsum</span> <span class='ocrx_word' id='word_1_315' title='bbox 766 3177 842 3252; x_wconf 82' lang='lat' dir='ltr'>edes,</span> <span class='ocrx_word' id='word_1_316' title='bbox 857 3193 950 3249; x_wconf 87' lang='lat' dir='ltr'>neque</span> <span class='ocrx_word' id='word_1_317' title='bbox 961 3178 1152 3235; x_wconf 78' lang='lat' dir='ltr'>stomacheris.</span> <span class='ocrx_word' id='word_1_318' title='bbox 1185 3177 1302 3237; x_wconf 88' lang='lat' dir='ltr'>Etenim</span> <span class='ocrx_word' id='word_1_319' title='bbox 1314 3181 1363 3245; x_wconf 68' lang='lat' dir='ltr'>ad,</span> 
     </span>
     <span class='ocr_line' id='line_1_36' title="bbox 283 3250 1361 3335; baseline 0.008 -26"><span class='ocrx_word' id='word_1_320' title='bbox 283 3252 329 3309; x_wconf 87' lang='lat' dir='ltr'>es&#39;t</span> <span class='ocrx_word' id='word_1_321' title='bbox 340 3253 427 3312; x_wconf 90' lang='lat' dir='ltr'>bomo</span> <span class='ocrx_word' id='word_1_322' title='bbox 441 3250 555 3326; x_wconf 83' lang='lat' dir='ltr'>quidam</span> <span class='ocrx_word' id='word_1_323' title='bbox 574 3258 723 3329; x_wconf 86' lang='lat' dir='ltr'>opulentus</span> <span class='ocrx_word' id='word_1_324' title='bbox 744 3275 781 3317; x_wconf 81' lang='lat' dir='ltr'>ex</span> <span class='ocrx_word' id='word_1_325' title='bbox 799 3258 844 3334; x_wconf 86' lang='lat' dir='ltr'>iis,</span> <span class='ocrx_word' id='word_1_326' title='bbox 858 3260 908 3331; x_wconf 88' lang='lat' dir='ltr'>qui</span> <span class='ocrx_word' id='word_1_327' title='bbox 927 3255 1077 3323; x_wconf 79' lang='lat' dir='ltr'>Thraciam</span> <span class='ocrx_word' id='word_1_328' title='bbox 1097 3258 1260 3334; x_wconf 82' lang='lat' dir='ltr'>prodidere,</span> <span class='ocrx_word' id='word_1_329' title='bbox 1283 3279 1361 3335; x_wconf 86' lang='lat' dir='ltr'>quem</span> 
     </span>
     <span class='ocr_line' id='line_1_37' title="bbox 283 3332 1296 3413; baseline 0.016 -25"><span class='ocrx_word' id='word_1_330' title='bbox 283 3332 348 3391; x_wconf 81' lang='lat' dir='ltr'>ride</span> <span class='ocrx_word' id='word_1_331' title='bbox 361 3340 395 3392; x_wconf 90' lang='lat' dir='ltr'>ut</span> <span class='ocrx_word' id='word_1_332' title='bbox 407 3333 524 3393; x_wconf 79' lang='lat' dir='ltr'>infames</span> <span class='ocrx_word' id='word_1_333' title='bbox 536 3335 678 3409; x_wconf 82' lang='lat' dir='ltr'>plectasre</span> <span class='ocrx_word' id='word_1_334' title='bbox 691 3337 794 3413; x_wconf 87' lang='lat' dir='ltr'>capite.</span> <span class='ocrx_word' id='word_1_335' title='bbox 1294 3344 1296 3352; x_wconf 59' lang='lat'><strong>⁴</strong></span> 
     </span>
     <span class='ocr_line' id='line_1_38' title="bbox 322 3412 1115 3492; baseline 0.001 -20"><span class='ocrx_word' id='word_1_336' title='bbox 322 3412 340 3472; x_wconf 91' lang='lat'>1</span> <span class='ocrx_word' id='word_1_337' title='bbox 354 3434 425 3488; x_wconf 83' lang='lat' dir='ltr'>prae,</span> <span class='ocrx_word' id='word_1_338' title='bbox 438 3433 520 3490; x_wconf 88' lang='lat' dir='ltr'>puer,</span> <span class='ocrx_word' id='word_1_339' title='bbox 536 3419 717 3492; x_wconf 77' lang='lat' dir='ltr'>progredere.</span> <span class='ocrx_word' id='word_1_340' title='bbox 1113 3468 1115 3473; x_wconf 81' lang='grc'>,</span> 
     </span>
     <span class='ocr_line' id='line_1_39' title="bbox 277 3492 1353 3575; baseline 0.004 -22"><span class='ocrx_word' id='word_1_341' title='bbox 277 3534 281 3543; x_wconf 80' lang='lat'><strong>·</strong></span> <span class='ocrx_word' id='word_1_342' title='bbox 322 3492 444 3553; x_wconf 80' lang='lat' dir='ltr'>PUER.</span> <span class='ocrx_word' id='word_1_343' title='bbox 464 3494 715 3556; x_wconf 82' lang='lat' dir='ltr'>Gratibcaberisne</span> <span class='ocrx_word' id='word_1_344' title='bbox 726 3516 796 3575; x_wconf 89' lang='lat' dir='ltr'>ergo</span> <span class='ocrx_word' id='word_1_345' title='bbox 806 3498 887 3573; x_wconf 80' lang='lat' dir='ltr'>milri,</span> <span class='ocrx_word' id='word_1_346' title='bbox 901 3502 994 3573; x_wconf 84' lang='lat' dir='ltr'>pater,</span> <span class='ocrx_word' id='word_1_347' title='bbox 1007 3498 1031 3557; x_wconf 89' lang='lat' dir='ltr'>si</span> <span class='ocrx_word' id='word_1_348' title='bbox 1044 3498 1111 3572; x_wconf 89' lang='lat' dir='ltr'>quid</span> <span class='ocrx_word' id='word_1_349' title='bbox 1127 3501 1177 3559; x_wconf 89' lang='lat' dir='ltr'>abs</span> <span class='ocrx_word' id='word_1_350' title='bbox 1191 3504 1220 3557; x_wconf 85' lang='lat' dir='ltr'>te</span> <span class='ocrx_word' id='word_1_351' title='bbox 1233 3500 1353 3575; x_wconf 79' lang='lat' dir='ltr'>rogem?</span> 
     </span>
     <span class='ocr_line' id='line_1_40' title="bbox 320 3573 1361 3653; baseline 0.009 -21"><span class='ocrx_word' id='word_1_352' title='bbox 320 3573 448 3634; x_wconf 85' lang='lat' dir='ltr'>CHOR.</span> <span class='ocrx_word' id='word_1_353' title='bbox 469 3576 606 3650; x_wconf 87' lang='lat' dir='ltr'>Omnino,</span> <span class='ocrx_word' id='word_1_354' title='bbox 620 3578 659 3642; x_wconf 87' lang='lat' dir='ltr'>mi</span> <span class='ocrx_word' id='word_1_355' title='bbox 680 3579 784 3638; x_wconf 80' lang='lat' dir='ltr'>filiole:</span> <span class='ocrx_word' id='word_1_356' title='bbox 808 3579 856 3638; x_wconf 89' lang='lat' dir='ltr'>scd</span> <span class='ocrx_word' id='word_1_357' title='bbox 877 3579 933 3653; x_wconf 84' lang='lat' dir='ltr'>die,</span> <span class='ocrx_word' id='word_1_358' title='bbox 955 3581 1022 3652; x_wconf 92' lang='lat' dir='ltr'>quid</span> <span class='ocrx_word' id='word_1_359' title='bbox 1043 3582 1110 3638; x_wconf 82' lang='lat' dir='ltr'>uelis</span> <span class='ocrx_word' id='word_1_360' title='bbox 1132 3600 1176 3643; x_wconf 90' lang='lat' dir='ltr'>me</span> <span class='ocrx_word' id='word_1_361' title='bbox 1196 3582 1249 3647; x_wconf 82' lang='lat' dir='ltr'>tibi</span> <span class='ocrx_word' id='word_1_362' title='bbox 1270 3597 1361 3645; x_wconf 84' lang='lat' dir='ltr'>emere</span> 
     </span>
     <span class='ocr_line' id='line_1_41' title="bbox 282 3656 1178 3731; baseline 0.004 -17"><span class='ocrx_word' id='word_1_363' title='bbox 282 3656 373 3714; x_wconf 87' lang='lat' dir='ltr'>boui:</span> <span class='ocrx_word' id='word_1_364' title='bbox 395 3658 524 3715; x_wconf 80' lang='lat' dir='ltr'>arbitror</span> <span class='ocrx_word' id='word_1_365' title='bbox 536 3666 632 3716; x_wconf 86' lang='lat' dir='ltr'>autem</span> <span class='ocrx_word' id='word_1_366' title='bbox 644 3663 674 3716; x_wconf 87' lang='lat' dir='ltr'>te</span> <span class='ocrx_word' id='word_1_367' title='bbox 688 3659 829 3718; x_wconf 84' lang='lat' dir='ltr'>dicturum</span> <span class='ocrx_word' id='word_1_368' title='bbox 844 3660 918 3717; x_wconf 84' lang='lat' dir='ltr'>talos</span> <span class='ocrx_word' id='word_1_369' title='bbox 930 3660 1063 3731; x_wconf 79' lang='lat' dir='ltr'>terasso,</span> <span class='ocrx_word' id='word_1_370' title='bbox 1077 3661 1115 3718; x_wconf 91' lang='lat' dir='ltr'>mi</span> <span class='ocrx_word' id='word_1_371' title='bbox 1128 3661 1178 3719; x_wconf 89' lang='lat' dir='ltr'>fili.</span> 
     </span>
     <span class='ocr_line' id='line_1_42' title="bbox 274 3734 1360 3872; baseline 0.007 -78"><span class='ocrx_word' id='word_1_372' title='bbox 274 3774 277 3782; x_wconf 80' lang='lat'>‚</span> <span class='ocrx_word' id='word_1_373' title='bbox 302 3734 446 3872; x_wconf 76' lang='lat' dir='ltr'>¹PUliR.</span> <span class='ocrx_word' id='word_1_374' title='bbox 465 3735 643 3811; x_wconf 84' lang='lat' dir='ltr'>Nentiqoam</span> <span class='ocrx_word' id='word_1_375' title='bbox 657 3738 762 3816; x_wconf 86' lang='lat' dir='ltr'>hercle,</span> <span class='ocrx_word' id='word_1_376' title='bbox 774 3747 855 3815; x_wconf 84' lang='lat' dir='ltr'>pater</span> <span class='ocrx_word' id='word_1_377' title='bbox 863 3740 1042 3814; x_wconf 80' lang='lat' dir='ltr'>dulcissime3</span> <span class='ocrx_word' id='word_1_378' title='bbox 1053 3742 1102 3799; x_wconf 85' lang='lat' dir='ltr'>scd</span> <span class='ocrx_word' id='word_1_379' title='bbox 1111 3741 1180 3799; x_wconf 87' lang='lat' dir='ltr'>ficus</span> <span class='ocrx_word' id='word_1_380' title='bbox 1191 3760 1200 3798; x_wconf 80' lang='lat' dir='ltr'>c</span> <span class='ocrx_word' id='word_1_381' title='bbox 1212 3742 1278 3816; x_wconf 81' lang='lat' dir='ltr'>plur</span> <span class='ocrx_word' id='word_1_382' title='bbox 1287 3743 1360 3802; x_wconf 84' lang='lat' dir='ltr'>enm</span> 
     </span>
     <span class='ocr_line' id='line_1_43' title="bbox 281 3825 407 3891; baseline 0.024 -18"><span class='ocrx_word' id='word_1_383' title='bbox 281 3825 407 3891; x_wconf 84' lang='lat' dir='ltr'>pacent.</span> 
     </span>
     <span class='ocr_line' id='line_1_44' title="bbox 322 3895 1219 3976; baseline 0.011 -22"><span class='ocrx_word' id='word_1_384' title='bbox 322 3895 447 3956; x_wconf 83' lang='lat' dir='ltr'>CHOR.</span> <span class='ocrx_word' id='word_1_385' title='bbox 468 3895 540 3958; x_wconf 92' lang='lat' dir='ltr'>Non</span> <span class='ocrx_word' id='word_1_386' title='bbox 552 3900 654 3975; x_wconf 83' lang='lat' dir='ltr'>edepol</span> <span class='ocrx_word' id='word_1_387' title='bbox 666 3920 767 3973; x_wconf 88' lang='lat' dir='ltr'>emam,</span> <span class='ocrx_word' id='word_1_388' title='bbox 782 3902 861 3961; x_wconf 81' lang='lat' dir='ltr'>sirel</span> <span class='ocrx_word' id='word_1_389' title='bbox 873 3901 1048 3976; x_wconf 85' lang='lat' dir='ltr'>suspendatis</span> <span class='ocrx_word' id='word_1_390' title='bbox 1062 3918 1125 3963; x_wconf 74' lang='lat' dir='ltr'>ros·</span> <span class='ocrx_word' id='word_1_391' title='bbox 1217 3966 1219 3969; x_wconf 75' lang='grc'><strong>,</strong></span> 
     </span>
    </p>
   </div>
   <div class='ocr_carea' id='block_1_4' title="bbox 192 3973 1065 4057">
    <p class='ocr_par' dir='ltr' id='par_1_4' title="bbox 192 3973 1065 4057">
     <span class='ocr_line' id='line_1_45' title="bbox 192 3973 1065 4057; baseline 0.007 -26"><span class='ocrx_word' id='word_1_392' title='bbox 192 4000 198 4007; x_wconf 96' lang='grc'><em>·</em></span> <span class='ocrx_word' id='word_1_393' title='bbox 277 4018 280 4025; x_wconf 88' lang='grc'>.</span> <span class='ocrx_word' id='word_1_394' title='bbox 321 3973 443 4046; x_wconf 78' lang='lat' dir='ltr'>PUER.</span> <span class='ocrx_word' id='word_1_395' title='bbox 464 3979 533 4038; x_wconf 91' lang='lat' dir='ltr'>Nou</span> <span class='ocrx_word' id='word_1_396' title='bbox 546 3983 650 4057; x_wconf 84' lang='lat' dir='ltr'>edepol</span> <span class='ocrx_word' id='word_1_397' title='bbox 662 4002 732 4057; x_wconf 88' lang='lat' dir='ltr'>ergo</span> <span class='ocrx_word' id='word_1_398' title='bbox 745 3983 866 4055; x_wconf 86' lang='lat' dir='ltr'>amplius</span> <span class='ocrx_word' id='word_1_399' title='bbox 881 3990 910 4040; x_wconf 86' lang='lat' dir='ltr'>te</span> <span class='ocrx_word' id='word_1_400' title='bbox 921 3984 1065 4041; x_wconf 87' lang='lat' dir='ltr'>deducam.</span> 
     </span>
    </p>
   </div>
   <div class='ocr_carea' id='block_1_5' title="bbox 279 4052 1358 4293">
    <p class='ocr_par' dir='ltr' id='par_1_5' title="bbox 279 4052 1358 4293">
     <span class='ocr_line' id='line_1_46' title="bbox 320 4052 1358 4137; baseline 0.006 -24"><span class='ocrx_word' id='word_1_401' title='bbox 320 4052 445 4116; x_wconf 82' lang='lat' dir='ltr'>CHOR.</span> <span class='ocrx_word' id='word_1_402' title='bbox 467 4058 542 4119; x_wconf 88' lang='lat' dir='ltr'>Nam</span> <span class='ocrx_word' id='word_1_403' title='bbox 553 4064 591 4121; x_wconf 87' lang='lat' dir='ltr'>ab</span> <span class='ocrx_word' id='word_1_404' title='bbox 611 4064 666 4120; x_wconf 88' lang='lat' dir='ltr'>ista</span> <span class='ocrx_word' id='word_1_405' title='bbox 689 4064 769 4121; x_wconf 86' lang='lat' dir='ltr'>tenui</span> <span class='ocrx_word' id='word_1_406' title='bbox 791 4062 919 4121; x_wconf 87' lang='lat' dir='ltr'>mercede</span> <span class='ocrx_word' id='word_1_407' title='bbox 935 4060 1091 4136; x_wconf 87' lang='lat' dir='ltr'>judiciaria</span> <span class='ocrx_word' id='word_1_408' title='bbox 1110 4065 1227 4135; x_wconf 88' lang='lat' dir='ltr'>oportet</span> <span class='ocrx_word' id='word_1_409' title='bbox 1246 4059 1358 4137; x_wconf 77' lang='lat' dir='ltr'>tertium</span> 
     </span>
     <span class='ocr_line' id='line_1_47' title="bbox 279 4138 1358 4220; baseline 0.01 -26"><span class='ocrx_word' id='word_1_410' title='bbox 279 4154 327 4195; x_wconf 89' lang='lat' dir='ltr'>me</span> <span class='ocrx_word' id='word_1_411' title='bbox 338 4154 415 4193; x_wconf 88' lang='lat' dir='ltr'>nunc</span> <span class='ocrx_word' id='word_1_412' title='bbox 427 4138 532 4198; x_wconf 84' lang='lat' dir='ltr'>babere</span> <span class='ocrx_word' id='word_1_413' title='bbox 544 4160 645 4216; x_wconf 87' lang='lat' dir='ltr'>panem</span> <span class='ocrx_word' id='word_1_414' title='bbox 658 4151 689 4203; x_wconf 88' lang='lat' dir='ltr'>et</span> <span class='ocrx_word' id='word_1_415' title='bbox 706 4145 784 4220; x_wconf 79' lang='lat' dir='ltr'>ligna</span> <span class='ocrx_word' id='word_1_416' title='bbox 805 4150 835 4203; x_wconf 87' lang='lat' dir='ltr'>et</span> <span class='ocrx_word' id='word_1_417' title='bbox 855 4144 1023 4205; x_wconf 76' lang='lat' dir='ltr'>obsonium:</span> <span class='ocrx_word' id='word_1_418' title='bbox 1045 4150 1078 4203; x_wconf 89' lang='lat' dir='ltr'>tu</span> <span class='ocrx_word' id='word_1_419' title='bbox 1100 4148 1194 4202; x_wconf 88' lang='lat' dir='ltr'>autem</span> <span class='ocrx_word' id='word_1_420' title='bbox 1220 4150 1358 4216; x_wconf 77' lang='lat' dir='ltr'>pretereo</span> 
     </span>
     <span class='ocr_line' id='line_1_48' title="bbox 279 4218 770 4293; baseline 0.002 -16"><span class='ocrx_word' id='word_1_421' title='bbox 279 4218 546 4293; x_wconf 82' lang='lat' dir='ltr'>ficusamepetis?</span> <span class='ocrx_word' id='word_1_422' title='bbox 766 4218 770 4223; x_wconf 82' lang='grc'><em>“</em></span> 
     </span>
    </p>
   </div>
   <div class='ocr_carea' id='block_1_6' title="bbox 0 0 1442 4984">
    <p class='ocr_par' dir='ltr' id='par_1_6' title="bbox 0 0 1442 4984">
     <span class='ocr_line' id='line_1_49' title="bbox 0 0 1442 4984; baseline 0 3"><span class='ocrx_word' id='word_1_423' title='bbox 0 0 1442 4984; x_wconf 95' lang='lat' dir='ltr'> </span> 
     </span>
    </p>
   </div>
  </div>
 </body>
</html>
