2875 4984
511 377 685 444 nuens.
1088 387 1147 446 rer

93 528 213 594 Jnsr.
234 532 404 594 nrarreun.
452 495 459 505 ’

43 654 46 666 .
91 609 152 672 IN
152 613 180 674 J.
204 613 319 692 Ergone
331 614 460 692 agnoscis
475 617 589 676 tandem
602 624 631 675 te
644 615 714 676 nihil
727 615 843 676 dicere?
876 616 969 678 Etiam
981 618 1058 680 inter
1080 632 1146 698 spe-

43 697 190 753 ctatores
204 701 262 755 utri
275 699 332 755 sint
344 699 448 772 plures,
461 705 571 773 specta.

92 774 120 832 J
123 775 216 834 UST.
238 777 297 854 En,
310 787 420 852 specto.

90 854 183 915 INJ.
205 857 283 926 Quid
298 859 375 916 vides
388 855 477 932 erge?

90 935 115 992 J
119 936 213 996 US'l'.
232 938 331 996 Multo
345 941 443 1014 plures
465 939 604 997 mehercle
626 940 757 998 leticnlos
776 941 869 1000 rideo.
911 939 989 1000 Nem
1011 949 1041 1001 et
1062 943 1145 1001 istem

47 1018 127 1072 novi
147 1037 214 1094 ego,
230 1027 260 1076 et
272 1018 362 1093 illum,
377 1027 406 1076 et
419 1020 551 1078 crinitum
564 1021 683 1079 huncce.

90 1093 183 1157 INJ.
206 1099 284 1168 Quid
297 1118 365 1175 ergo
379 1100 478 1158 dices?

91 1175 116 1234 J
122 1177 213 1238 UST.
237 1180 396 1239 vincimur.
439 1178 467 1239 Ο
490 1181 599 1252 cinaedi,
620 1199 672 1254 per
686 1182 754 1239 deos
777 1183 909 1259 obsecro,
922 1181 1146 1259 accipitemenm

46 1259 180 1330 pellium
193 1281 201 1330 ;
224 1279 288 1319 nam
301 1263 337 1319 ed
350 1278 401 1319 ros
415 1262 583 1335 transfugio.

91 1337 186 1398 SOC.
208 1341 287 1409 Quid
300 1343 420 1414 itaque?
443 1350 576 1400 utrumne
589 1344 631 1400 ris
645 1343 813 1418 prehensum
827 1343 911 1401 istum
931 1351 1012 1402 tunm
1026 1349 1144 1420 gnatum

48 1420 215 1492 abducere,
230 1441 266 1480 an
280 1432 313 1482 ut
322 1443 387 1482 eum
400 1425 517 1482 doceam
530 1425 642 1481 dicendi
653 1431 741 1481 artem
755 1422 769 1480 ?
858 1430 860 1433 '

94 1499 259 1562 STREPS.
282 1503 364 1563 Doce
385 1513 414 1563 et
435 1506 549 1576 castiga,
563 1511 592 1561 et
612 1513 765 1575 memento,
780 1509 812 1561 ut
834 1504 906 1562 bene
927 1505 995 1562 mihi
1019 1520 1143 1562 nuceas

50 1598 123 1638 eum
137 1603 146 1640 ε
169 1601 208 1642 ex
222 1587 311 1642 altera
325 1592 408 1658 perte
421 1593 452 1642 nt
465 1587 490 1642 ei
504 1587 594 1642 bucce
608 1587 700 1642 valent
723 1586 759 1640 erl
773 1587 892 1643 leviores
912 1586 998 1658 lites3
1027 1588 1146 1643 niteram

51 1679 88 1718 m
99 1681 137 1721 ro
151 1667 270 1723 buccam
284 1665 348 1739 ejus
361 1685 480 1740 exacue,
495 1673 528 1723 ut
540 1667 631 1723 velent
644 1666 679 1722 ad
693 1666 805 1740 majora
818 1668 941 1741 negotis.

94 1743 187 1803 SOC.
209 1744 258 1805 Ne
271 1749 307 1804 sis
321 1748 480 1817 sollicitus3
503 1747 621 1820 recipies
634 1765 697 1804 eum
710 1751 901 1821 argutatorem
914 1748 1050 1821 probum.

94 1825 214 1884 PHID.
237 1825 328 1884 immo
342 1829 491 1903 pallidum,
507 1827 622 1901 opinor,
635 1836 664 1884 et
677 1829 824 1885 miserum.

97 1905 189 1966 SOC.
213 1906 257 1966 lte
270 1906 355 1965 nunc.

96 1985 216 2046 PHID.
237 1988 375 2046 Arbitror
388 1995 483 2046 eutem
495 1987 571 2060 iore,
587 1993 621 2044 ut
633 1994 662 2045 te
675 1989 779 2046 horum
794 1989 942 2061 poeniteet.

97 2066 232 2130 CHOR.
253 2067 274 2128 J
277 2071 370 2128 udices
384 2071 452 2141 qnid
465 2069 666 2143 lucrabuntur,
682 2071 705 2126 si
723 2070 820 2141 alique
840 2068 968 2127 Chorum
982 2067 1059 2126 hunc
1069 2067 1147 2142 jusi'e

50 2148 199 2221 juverint,
214 2150 343 2208 volumus
367 2151 447 2208 robis
468 2167 611 2208 enarrare.
652 2147 730 2207 Nem
753 2151 875 2222 primum
897 2151 1010 2223 quidem
1031 2150 1149 2206 ineunte

55 2247 137 2302 rere,
153 2229 179 2286 si
190 2232 339 2288 volueritis
345 2249 440 2306 regrum
455 2248 573 2304 novere,
584 2231 712 2304 pluemus
727 2232 806 2287 vobis
817 2231 926 2305 primis,
938 2230 1038 2289 ceteris
1051 2234 1149 2305 poste·

56 2307 141 2366 rius:
165 2310 268 2369 deinde
281 2311 364 2384 vites,
376 2312 436 2385 jem
451 2311 609 2380 natisonis,
625 2312 827 2383 custodiemus,
842 2319 873 2368 ut
891 2329 984 2385 neque
997 2329 1050 2372 ess
1066 2310 1150 2367 sicci·

56 2397 115 2463 tes,
131 2409 226 2464 neque
240 2393 326 2449 nimie
339 2393 424 2450 ledet
438 2393 547 2465 pluvie.
588 2391 618 2448 Si
632 2411 699 2450 vero
714 2411 768 2450 nos
781 2391 855 2449 Dess
875 2393 1058 2449 contemserit
1068 2408 1149 2448 mor-

57 2472 124 2527 talis
140 2475 295 2547 quispiam,
309 2474 332 2529 is
353 2473 483 2532 advertet
505 2473 638 2543 animum,
652 2476 765 2545 quentis
785 2491 850 2529 enm
872 2475 1039 2530 ulciscemur
1060 2474 1149 2540 melis,

57 2570 148 2622 quum
165 2554 864 2627 eiuudosnonecrinum,necnliudquicqnem
877 2553 1031 2628 percipiet.
1072 2552 1149 2611 Nem
1263 2609 1268 2616 .

57 2635 180 2704 qnando
204 2635 423 2710 germinaverint
442 2639 513 2693 olen
531 2641 562 2692 et
582 2636 664 2706 vites,
676 2635 877 2706 concidentur,
888 2634 960 2690 eden
982 2631 1082 2690 validis
1102 2649 1150 2689 eas

60 2714 276 2772 contendemus
288 2710 404 2774 fundis(
433 2714 461 2772 Si
476 2733 545 2772 vcro
558 2704 660 2771 late'res
673 2715 752 2770 illum
767 2714 872 2787 fingere
885 2714 1054 2788 ridebimus,
1068 2715 1149 2786 plue·

57 2811 145 2864 mus3
169 2801 198 2852 et
211 2796 279 2853 tecti
292 2796 354 2871 ejus
369 2797 477 2876 tegulas
502 2796 628 2852 rotunde
641 2795 861 2852 comminuemus
883 2793 1032 2868 grandine.
1074 2791 1149 2851 Tum

59 2875 83 2929 si
97 2875 217 2949 quondo
231 2879 345 2951 nuptias
359 2886 411 2934 aut
420 2877 508 2950 ipsus,
522 2881 573 2934 eut
586 2881 735 2950 cognatus,
749 2874 891 2932 emicuere
904 2874 967 2946 quis
981 2874 1147 2944 celebrabit,

59 2962 126 3014 tote
138 2963 225 3014 nocte
238 2957 388 3030 pluemus:
411 2964 443 3013 ut
456 2957 577 3015 forsitan
600 2958 679 3014 malit
692 2958 738 3014 rel
751 2958 781 3014 in
794 2953 927 3033 AEgypto
940 2955 1036 3030 potius
1048 2955 1148 3030 luisse,

59 3053 148 3107 quem
163 3037 304 3112 judicasse
317 3055 477 3114 perperam.
1039 3064 1043 3072 ·

126 3193 407 3270 STREPSIADES,
421 3194 639 3268 SOCRATFS,
653 3192 924 3272 PHlDlPPIDliS,
938 3192 1084 3263 Pestis,

226 3300 228 3304 ’
332 3301 479 3377 TESTIS,
493 3299 698 3376 AMYNIAS,
713 3298 888 3362 CHORUS.
1073 3309 1077 3316 ’

121 3429 262 3490 TREPS.
283 3431 423 3506 Quintus,
450 3439 579 3507 quartus,
601 3435 715 3508 tertius,
739 3439 839 3507 postea
862 3431 1014 3507 secundus,
1037 3432 1151 3509 deinde,

63 3531 148 3584 quem
161 3533 216 3588 ego
230 3515 349 3572 maxime
362 3514 485 3574 omnium
500 3514 608 3572 dierum
622 3516 708 3571 timeo
721 3523 752 3570 et
764 3515 869 3572 horreo
881 3522 910 3572 et
923 3514 1082 3586 abominor,
1095 3520 1151 3570 stu·

63 3597 113 3650 tim
127 3601 193 3667 post
208 3596 287 3652 illum
300 3604 345 3653 est
357 3603 439 3653 vetus
461 3603 491 3652 et
504 3615 605 3653 nores.
648 3593 726 3652 Nem
747 3597 940 3668 unusquisque
961 3612 1072 3668 eornm,
1087 3595 1152 3665 qui-

63 3675 115 3732 bus
130 3675 234 3747 debeo,
247 3676 439 3750 juramentum
463 3678 537 3750 epod
549 3676 661 3750 judiees
677 3682 805 3750 prestet,
819 3679 997 3750 pignoreque
1019 3675 1151 3748 deponit,

65 3757 208 3813 affirmans
222 3773 252 3812 se
264 3758 391 3815 funditus
403 3773 448 3816 me
462 3757 717 3830 pessumdatum,
729 3757 840 3814 temetsi
854 3758 963 3814 interea
976 3760 1007 3811 nt
1019 3760 1152 3828 parcent,

65 3853 223 3910 aequosque
236 3855 265 3894 se
279 3840 437 3912 praebeant,
448 3837 491 3894 his
506 3837 599 3896 verbis
613 3855 662 3894 eos
680 3855 753 3895 oro:
778 3835 806 3894 0
819 3841 907 3904 bone,
915 3835 989 3895 nelis
998 3831 1081 3892 istud
1084 3835 1154 3908 jorn

66 3919 296 3992 oeoflnge'tore,
310 3919 390 3977 illud
401 3919 535 3993 defferre
548 3919 780 3976 doc-remittere.
823 3917 865 3974 Ar
878 3916 921 3974 illi
938 3923 1045 3990 negent
1056 3932 1087 3972 se
1099 3933 1154 3973 un.

66 4017 153 4070 quarn
164 3999 220 4055 boe
235 4005 320 4072 pecto
334 4019 383 4070 sne
393 4000 521 4072 recipere
534 4012 629 4074 posse,
643 4005 673 4056 et
685 4017 731 4056 me
745 4000 843 4072 pipulo
857 3997 1003 4068 differunt,
1015 3995 1155 4071 injustum

66 4097 128 4135 esse
139 4079 279 4136 hominem
293 4081 431 4153 dicentes,
446 4097 532 4152 seque
544 4097 649 4138 nomen
658 4097 750 4136 meum
760 4080 914 4136 delaturos.
956 4075 987 4134 N
990 4096 1045 4134 unc
1057 4076 1155 4150 itaque

67 4159 219 4216 ‹leierentr
250 4177 350 4232 perum
364 4162 437 4219 enim
451 4161 481 4217 id
494 4178 575 4236 curo,
591 4160 728 4233 siquidem
742 4155 927 4234 Phidippides
939 4162 1029 4216 artem
1043 4156 1154 4216 dicendi

68 4242 141 4297 bene
153 4240 298 4299 addidicit.
339 4242 394 4302 Sed
407 4259 474 4302 mox
488 4243 579 4320 scibo,
594 4241 699 4302 schole
710 4239 817 4300 ostium
830 4240 880 4298 ubl
892 4242 1055 4315 pulterero.
1078 4236 1155 4297 Puer

68 4321 149 4398 huus,
166 4339 247 4398 puer,
263 4341 344 4397 puer,
