2875 4984
435 291 437 296 Ι
482 339 825 422 lidrsuitsnn.
1164 351 1205 426 ir

151 511 256 576 uitii..
271 513 332 576 Ill.
346 515 560 580 verentonis.
582 521 758 584 amionem
773 520 1070 600 denuntiantem,
1086 522 1209 605 thysi.-

106 603 213 668 strata,
228 599 340 658 dimitte
352 619 436 674 quani
454 607 583 677 primum.

147 675 235 738 LYS.
249 679 352 748 'Quam
364 681 487 741 fabulam
503 669 623 743 narras?
646 685 714 758 qnid
726 683 814 744 babes
826 685 874 743 lic
887 679 976 744 duri?

148 757 256 820 MUL.
280 760 341 820 lll.
363 760 521 824 Masculum
535 768 683 824 infantem.
1057 783 1060 789 '

151 836 240 900 LYS.
262 839 332 900 Non
348 853 377 900 tu
392 854 513 906 ecastor.
536 845 672 905 Profecto
685 847 809 905 ahenum
821 847 927 904 babere
939 847 1084 920 quoddam
1097 847 1203 911 rideris

103 939 225 979 carum.
265 923 356 982 Sciam
372 928 467 985 modo.
509 926 690 988 Oridiculai
712 945 823 988 sacram
843 929 1064 1008 galeamlrabes,
1078 937 1108 990 et
1127 947 1202 1006 pre·

104 1009 226 1078 gnatum
240 1008 270 1060 te
282 1023 342 1062 esse
354 1003 425 1064 dicis
438 1007 446 1066 i

151 1080 256 1141 MUL.
279 1081 339 1143 lll.
359 1084 399 1144 Et
411 1089 513 1162 edepol
528 1107 674 1165 praegnans
688 1098 760 1149 snm.

151 1159 237 1222 LYS.
260 1161 321 1222 Cur
334 1185 404 1242 ergo
419 1171 491 1227 hanc
509 1170 652 1229 habebas?

150 1241 256 1304 Mul..
279 1241 340 1305 Ill.
366 1245 392 1306 U
395 1255 417 1320 t,
433 1248 456 1308 si
479 1259 524 1308 ine
537 1257 706 1326 occupasset
719 1251 819 1328 parius
830 1249 925 1311 adbuc·
939 1253 969 1312 in
981 1261 1059 1331 arce,
1073 1263 1205 1330 pateram

104 1326 139 1384 in
152 1328 261 1400 galeam
275 1329 356 1386 istam
369 1331 504 1408 ingressa,
518 1341 552 1390 nt
561 1335 711 1394 columbae.

151 1403 237 1465 LYS.
257 1407 336 1477 Quid
362 1411 452 1486 dicisi
484 1433 536 1472 cur
550 1416 705 1488 manifestae
720 1417 760 1475 rei
774 1417 861 1475 rerba
874 1413 1048 1490 pretendit?
1070 1434 1130 1474 non
1142 1416 1203 1473 lua.

108 1486 217 1546 tricum
230 1492 318 1564 galeae
332 1491 403 1566 diem
419 1495 464 1553 hic
475 1495 660 1570 expectabis?

151 1565 257 1628 MUL.
280 1571 334 1632 IV.
359 1572 402 1634 At
424 1593 482 1634 nou
504 1594 618 1649 possirrn
641 1579 762 1650 amplius
775 1578 933 1649 nequidem
946 1569 1071 1636 dormire
1084 1577 1203 1653 marce,

110 1667 151 1708 ex
166 1668 224 1724 quo
237 1663 397 1730 serpentem
410 1657 490 1715 illum
504 1659 639 1714 redituum
653 1659 719 1734 vidi.

151 1721 254 1789 MUL.
278 1732 316 1791 V.
341 1737 400 1814 ligo
424 1757 492 1795 sero
506 1741 607 1796 misera
628 1745 715 1814 pereo
737 1724 878 1798 insomnia
891 1741 930 1798 ob
945 1731 1113 1797 continuum
1135 1731 1206 1796 titu-

111 1812 239 1872 bantium
254 1824 426 1877 noctuarum
439 1821 610 1894 clangorem.
900 1818 902 1823 ’

154 1891 240 1954 LYS.
262 1893 290 1954 Ο
305 1901 438 1972 sceleste,
451 1903 555 1958 mittite
568 1899 635 1958 ficta
647 1902 700 1958 isia
714 1907 861 1975 portenta.
903 1895 1046 1960 Fortassis
1058 1904 1134 1960 siros
1155 1899 1207 1960 de·

112 1974 250 2034 sideratis.
299 1977 332 2036 N
333 1999 364 2038 os
386 1999 456 2040 vero
472 1998 567 2038 nonne
580 1989 663 2054 putas
677 1982 734 2040 illis
746 1983 885 2040 desiderio
897 1981 979 2040 esse?
1001 1986 1128 2060 eutecio,
1142 2003 1206 2040 mo.

113 2057 199 2114 lestas
223 2062 384 2135 transigunt
405 2069 514 2120 noctes.
563 2061 629 2130 Sed,
645 2063 664 2119 d
680 2067 774 2135 bonae,
789 2063 925 2120 sustincte
937 2064 1063 2137 fortiter,
1077 2071 1107 2120 et
1119 2065 1207 2120 dura·

111 2145 142 2218 te
155 2139 300 2211 paululum
323 2143 423 2200 adhuc.
465 2136 497 2200 N
498 2138 560 2198 obis
573 2145 647 2198 enim
660 2144 769 2200 editum
783 2152 826 2200 est
839 2142 969 2215 oraculo,
983 2148 1140 2216 superiores
1155 2162 1208 2202 nos

113 2217 237 2296 futures,
250 2221 273 2276 si
288 2222 454 2282 seditionem
467 2226 541 2281 inter
555 2240 680 2280 nornen
695 2223 855 2282 fecerimus.
875 2223 922 2286 Sic
935 2234 1028 2282 autem
1042 2224 1128 2284 babet
1141 2242 1207 2284 ora·

26 2319 29 2324 Δ
112 2287 221 2358 culum.

97 2396 99 2402 ’
154 2377 283 2442 CHOR.
305 2381 409 2444 MUL.
432 2383 487 2442 Dic
500 2382 583 2442 nobis
597 2384 665 2458 quid
679 2385 766 2444 dicat.

156 2457 243 2520 LYS.
255 2463 372 2524 'Tacete
383 2466 455 2542 jem.
476 2465 539 2524 Sed
551 2466 667 2541 quaudo
682 2465 860 2538 lirundioer
875 2467 1001 2544 trepide
1014 2470 1047 2540 ip
1059 2485 1149 2526 unum
1164 2463 1178 2523 i
1195 2498 1209 2518 ·

114 2561 178 2600 cum
189 2545 381 2604 convenerint
395 2565 503 2625 epopcs
515 2549 679 2622 fugientes,
693 2548 937 2623 abstinebuotpue
952 2567 971 2606 o
984 2549 1208 2615 mastichatum

63 2657 68 2665 ·
112 2626 184 2698 finis
207 2628 266 2681 erit
286 2627 441 2700 matorum,
456 2635 485 2684 et
507 2643 620 2684 summu
627 2630 724 2702 saciet
736 2631 797 2686 t'ma
815 2625 941 2705 Jupiter
951 2630 1152 2705 nlttfremerrse

20 2745 26 2754 .
51 2757 52 2762 ,
157 2701 285 2762 CHOR.
307 2706 409 2766 MUl..
431 2707 525 2781 Supra
535 2705 695 2782 jacebimus
708 2706 782 2764 nusi

157 2781 244 2842 LYS.
265 2785 320 2845 Sin
331 2789 481 2846 dissidium
488 2792 632 2864 jecerint,
648 2795 678 2844 et
691 2787 841 2846 avolarint
855 2806 872 2844 e
884 2795 966 2845 rdcro
978 2790 1089 2866 templo
1103 2790 1211 2848 lrt‘rrtrr·
1254 2775 1261 2789 ⁴

119 2868 212 2936 dines,
218 2869 286 2942 J'am
299 2889 357 2929 oon
370 2872 519 2928 videbitur
532 2874 597 2928 ucis
610 2868 674 2928 ullu
686 2887 750 2926 esre
761 2869 910 2927 lascivior.

34 3018 37 3022 .
158 2945 285 3006 CHOR.
299 2949 400 3009 Mul.
417 2950 598 3026 Perspicuum
608 2953 710 3024 edepol
723 2950 893 3008 oraculum:
917 2951 936 3007 ὃ
952 2939 1087 3008 Caelites!
1102 2967 1138 3007 ue
1148 2947 1210 3024 jaun

20 3021 28 3078 ἶ
100 3025 342 3102 'despondeamus
364 3035 489 3090 animum
503 3033 675 3103 lassitudine,
694 3033 742 3090 sed
757 3031 956 3106 ingrediamur.
997 3027 1111 3089 Etenim
1124 3037 1211 3105 turpe

88 3126 91 3143 ¹
119 3109 183 3180 erit,
200 3110 218 3167 d
234 3113 394 3186 carissime,
408 3117 430 3170 si
445 3117 561 3172 oraculo
574 3113 756 3172 defuerimus.
834 3117 840 3126 '

158 3187 282 3251 CHOR.
303 3191 387 3253 SEN.
407 3191 548 3253 Fabulam
569 3195 637 3252 volo
661 3211 779 3252 narrare
789 3194 930 3266 quandam
943 3191 1038 3266 robis,
1049 3209 1135 3266 qnam
1150 3191 1217 3249 olim

119 3269 182 3345 ipse
209 3292 281 3346 puer
293 3277 388 3333 audivi
399 3271 413 3333 ι’
430 3278 470 3334 sic
483 3287 578 3334 autem
590 3277 687 3334 habet.
730 3273 801 3330 Erat
813 3277 976 3332 adolescens
992 3275 1106 3346 quidam
1121 3271 1216 3330 Mela·

23 3392 30 3408 .
121 3351 202 3424 niun,
218 3353 268 3426 qui
291 3355 401 3431 fugiens
414 3359 527 3432 nuptias
541 3357 611 3414 abiit
623 3357 654 3413 in
666 3356 789 3429 deserta,
803 3363 833 3412 et
844 3358 875 3412 in
888 3357 1031 3412 montibus
1046 3354 1213 3411 babitabata

122 3431 226 3491 deinde
248 3435 359 3510 lepores
381 3441 549 3512 venabatur,
574 3446 675 3496 texens
699 3437 782 3511 retia,
796 3444 826 3493 et
849 3454 948 3492 canem
969 3454 1057 3492 unum
1080 3435 1214 3492 habebat.

122 3512 186 3572 Nec
196 3517 318 3589 amplius
328 3518 547 3592 rediitdumum,
564 3526 684 3593 propter
698 3517 815 3574 odium:
837 3517 910 3574 adeo
920 3518 1052 3573 mulieres
1067 3515 1215 3572 abomiua.

124 3602 168 3650 tus
183 3603 224 3652 est
237 3597 293 3655 ille.
336 3597 398 3656 Nos
414 3617 481 3658 rcro
494 3617 552 3658 nou
566 3601 750 3675 minusquam
761 3595 1088 3677 Melaniumquisumus
1101 3595 1182 3653 casti.
1284 3610 1289 3618 ‘

163 3675 252 3736 SEN.
273 3677 388 3747 QUID.
416 3679 490 3740 Volo
504 3691 532 3738 ts
546 3681 683 3753 osculari,
697 3681 802 3738 vetulo.

164 3755 268 3818 MUL.
291 3757 431 3827 QUAED.
455 3760 522 3819 Non
535 3779 604 3838 ergo
618 3767 716 3834 cepam
731 3759 870 3818 consedes.

165 3837 251 3900 SEN.
273 3839 312 3898 Et
325 3844 437 3900 sublato
451 3861 533 3900 crure
547 3851 575 3900 te
589 3843 666 3900 calce
678 3840 775 3900 ferire.
876 3897 877 3900 ,

165 3920 268 3988 Mili..
290 3921 396 3980 Silvam
408 3925 527 3982 multam
540 3925 623 3998 geris.

104 4026 107 4030 ·
166 4003 255 4068 suN.
278 4001 353 4062 Nam
369 4011 397 4061 et
412 4003 582 4082 Myronides
595 4010 657 4061 erat
670 4002 797 4076 hispidus
810 4001 862 4058 illa
874 4004 967 4084 parte,
982 3999 1122 4074 nigroque
1134 3999 1218 4074 podi-

103 4111 109 4120 ·
127 4103 171 4161 ce,
187 4085 330 4143 timendus
344 4085 473 4154 hostibus
487 4089 637 4143 omnibus:
658 4087 698 4140 sic
711 4085 796 4141 etiarn
811 4080 958 4140 Phormio.

118 4231 122 4238 ,
168 4163 293 4226 CHOR.
316 4163 418 4223 MUL.
435 4164 472 4224 Et
485 4157 540 4242 eg‘o
552 4165 620 4224 volo
634 4166 759 4222 fabulam
774 4165 914 4237 quandam
928 4161 1011 4218 vobis
1023 4179 1140 4218 narrare
1153 4158 1220 4218 Me.

129 4245 237 4306 lanioni
259 4249 504 4319 respondentem·
530 4247 635 4305 Timon
655 4246 773 4320 puidam
799 4253 862 4302 erat
882 4242 1081 4316 implacabilis,
1096 4246 1228 4298 irrecess-r

131 4330 166 4384 ris
189 4328 280 4402 spinis
304 4329 506 4404 circumseptus
531 4328 644 4400 faeiem,
659 4325 813 4402 Furiarum
838 4321 980 4404 propago.
1003 4393 1010 4406 ι
1035 4321 1222 4404 lsteiuquam

54 4421 56 4424 ’
131 4407 236 4468 Τίιιιοιι
247 4407 448 4485 iugitpropter
460 4403 661 4490 odium‚tnuita
668 4404 1156 4488 maleimprecatusinrprubisuiris.
1177 4397 1223 4460 Sic

118 4533 120 4540 .
214 4505 282 4546 rot.
304 4507 346 4546 rr.
576 4509 578 4512 ’
679 4507 700 4548 ιι
