2875 4984
274 396 336 457 302
410 375 1235 462 umlsuorntltlsacffluberrsus.

276 556 368 616 ollula
381 552 537 625 calciatico,
547 550 676 628 huteola,
690 554 816 609 ceratum
837 558 948 627 parate,
960 526 1055 610 leuare
1076 554 1228 628 succidam,
1241 552 1355 611 fasciam

173 709 178 721 ,
275 637 392 714 ligando
404 635 538 693 malleolo
550 634 639 707 pediu.
680 630 736 691 Vir
745 634 795 689 ille
806 636 971 692 vulneratur
994 641 1039 690 eet
1058 636 1138 710 sude,
1152 635 1221 691 dum
1234 637 1357 693 transili.

277 725 326 777 ret
338 717 452 789 domurn,
465 722 495 773 et
513 715 662 773 malleolus
674 714 728 789 ipsi
751 714 933 789 inmineret,
947 721 978 773 et
990 723 1078 789 eaput
1098 717 1183 791 fregit
1204 716 1357 791 impingens

277 799 388 873 iapidi3
409 806 439 855 et
452 792 620 870 Gorgonem
632 813 650 851 e
661 794 766 871 clypeo
778 797 934 853 excitarit:
955 813 1044 869 quum
1056 804 1151 853 antem
1165 798 1301 855 terribilis
1313 799 1358 853 illa

276 880 368 955 piune
380 876 526 936 cecidisset
538 878 574 933 ed
589 883 695 950 petrae,
710 874 869 933 lemachnr
890 877 1063 934 horrendum
1077 879 1166 935 edidit
1176 895 1314 935 carmen:
1332 875 1357 933 0

278 960 421 1037 inclytum
441 958 552 1031 lumen,
566 977 643 1014 nune
661 962 824 1013 extremum
845 964 876 1014 te
898 959 999 1015 uidens
1018 956 1120 1032 bupuo
1139 958 1232 1015 lucem
1256 976 1355 1015 mecm.

278 1039 405 1098 Tantum
420 1040 562 1112 elocutus,
577 1040 606 1095 in
620 1038 744 1094 canalem
758 1039 863 1112 lapsus,
877 1041 976 1113 surgit,
990 1043 1021 1095 et
1033 1040 1063 1093 in
1075 1039 1212 1111 fugitivos
1226 1040 1356 1112 quosdam

278 1122 392 1196 incidit,
408 1120 553 1193 praedoaes
567 1136 737 1192 persequens
759 1124 790 1177 et
810 1119 891 1175 hasta
913 1136 1052 1194 premens.
1092 1118 1147 1177 Sed
1171 1137 1271 1179 eccum
1284 1121 1357 1177 adest

282 1218 788 1355 rpspppicruppppptpppppnpperbos
808 1279 923 1363 dolores
935 1285 965 1337 et
984 1279 1085 1353 frigus,
1099 1280 1202 1353 quibus
1225 1278 1354 1338 crucior!

283 1360 388 1421 Interii
406 1362 501 1435 mirer,
515 1362 612 1419 hostili
634 1364 780 1433 percueret
798 1362 906 1418 lancea.
950 1359 1028 1418 lllud
1047 1379 1116 1433 ergo
1135 1362 1318 1419 lamentabile
1334 1365 1360 1416 ct

284 1444 422 1519 ejrrlubile
434 1444 501 1500 mihi
516 1458 576 1499 csso
587 1442 676 1515 possit
687 1460 696 1511 ;
725 1459 847 1513 nemque
860 1444 883 1498 si
899 1460 944 1499 mc
956 1440 1051 1499 videet
1075 1440 1252 1517 Dicaeopolis
1263 1444 1357 1499 uulne-

284 1530 389 1598 ratum,
402 1524 504 1582 illudet
516 1522 597 1591 mibi,
610 1522 769 1594 ridebitque
781 1540 873 1578 meum
884 1521 1084 1579 infortunium.

324 1604 406 1665 DlC.
427 1601 620 1663 Attalattetul
642 1600 760 1676 Papillae
783 1604 844 1659 ictae
866 1621 950 1676 qnam
963 1604 1040 1660 durae
1055 1610 1132 1674 snut,
1145 1610 1175 1660 et
1198 1603 1303 1661 similer
1316 1620 1358 1677 cy.

267 1699 269 1709 ¹
284 1687 377 1744 doniis
389 1686 487 1744 mulis!
508 1686 573 1742 date
587 1682 655 1739 mihi
667 1684 787 1752 sarium,
798 1701 904 1756 auree,
918 1691 947 1740 et
960 1685 1174 1762 moreiunculas,
1186 1692 1218 1743 et
1230 1685 1358 1742 collabet-

286 1768 345 1827 late
358 1769 465 1825 oscula.
508 1763 584 1821 Nam
599 1764 732 1836 congium
747 1762 855 1833 primur
866 1765 990 1821 exhausi.

328 1844 431 1905 Lam.
453 1846 481 1903 0
494 1846 580 1903 tristis
592 1861 670 1901 casus
688 1862 815 1901 meorum
833 1845 991 1903 malorum!
1019 1845 1086 1923 heu,
1099 1846 1166 1923 heu,
1178 1846 1299 1905 rulucra
1317 1859 1359 1901 cr·

287 1926 460 1987 cruciantia!

327 2008 408 2068 Dic.
429 2007 474 2075 lo,
488 2008 529 2081 ic,
542 2008 621 2064 ealre
635 2002 775 2063 Lamacho
787 2005 889 2080 eques!

328 2089 431 2147 LAM.
452 2090 500 2146 Ab
513 2107 558 2145 me
570 2090 697 2145 miserum
711 2087 719 2143 l

329 2170 411 2229 Dic.
432 2170 479 2227 Ab
491 2188 534 2227 me
546 2166 755 2225 aerumnosum!

327 2250 426 2309 LAM.
450 2249 527 2317 Quid
541 2259 572 2304 tu
587 2268 631 2305 me
643 2248 746 2305 blande
758 2246 910 2320 compellar
922 2242 945 2311 i,

329 2327 410 2390 DlC.
433 2329 508 2398 Quid
522 2336 553 2386 tu
567 2348 612 2393 me
624 2326 758 2385 mordes?

327 2410 430 2469 LAM.
452 2409 543 2466 Miser
555 2428 608 2483 ego
623 2418 743 2481 propter
756 2405 852 2462 duram
866 2406 896 2463 iu
910 2406 1009 2480 praelio
1021 2406 1200 2483 symbolam!

328 2488 413 2548 DlC.
435 2489 549 2564 Ergone
561 2489 617 2546 hoc
631 2486 744 2545 Choum
759 2485 834 2545 tero
846 2490 990 2563 symbolas
1002 2492 1066 2561 quis
1078 2485 1231 2563 exigebat?

326 2555 430 2630 LAM.
451 2570 486 2629 Io
498 2571 539 2643 io,
555 2568 650 2641 Paean,
667 2566 771 2625 Paean!
823 2570 828 2580 “

328 2650 411 2711 DIC.
432 2651 486 2712 Sed
500 2670 557 2708 non
572 2652 751 2709 celebrantur
764 2648 849 2704 bodie
860 2643 988 2706 Paeonia.
1075 2704 1079 2711 ,

327 2731 429 2793 LAM.
449 2732 630 2803 Prehenditc,
642 2728 808 2807 prehendite
820 2743 912 2786 mcum
926 2746 999 2787 crue.
1039 2726 1148 2803 Papae!
1170 2733 1268 2788 tenete
1281 2722 1358 2802 me,d

288 2834 381 2875 amrcr.

328 2894 409 2957 DlC.
431 2891 492 2953 Voe
502 2898 600 2952 eutem
611 2909 703 2950 meum
716 2908 819 2965 penem
831 2890 921 2946 ambae
936 2889 1057 2949 medium
1078 2890 1255 2966 prehendite,
1270 2886 1360 2947 dami-

291 2994 342 3036 cre.

330 3055 429 3115 LAM.
452 3052 599 3130 vertigiue
610 3056 713 3112 laboro
727 3055 815 3127 caput
827 3068 974 3126 percussus
994 3050 1100 3125 lapide,
1114 3058 1144 3109 et
1162 3048 1290 3109 tenebre
1302 3043 1359 3105 mihi

290 3139 487 3197 offunduntur.

331 3215 411 3276 ch.
433 3217 476 3274 At
489 3234 542 3290 ege
555 3216 743 3273 concumbere
755 3214 836 3289 rulo,
851 3212 917 3289 quie
935 3213 1073 3289 tentigine
1086 3229 1219 3289 rumpor,
1233 3218 1268 3271 et
1279 3212 1308 3269 iu
1325 3213 1359 3268 lta
1392 3225 1393 3274 l

290 3296 623 3374 nebrisfutrreregestio.
1392 3319 1393 3324 κ

330 3376 432 3438 LAM.
454 3374 546 3435 Fores
558 3378 656 3435 cllcrte
668 3394 713 3432 me
724 3375 753 3432 iu
767 3374 883 3432 domum
897 3372 993 3431 Pittuli
1007 3375 1125 3448 paeopiis
1137 3374 1281 3431 manibus.

328 3458 411 3519 ch.
431 3459 479 3515 Ad
489 3456 597 3531 judices
610 3475 655 3513 me
666 3458 775 3513 efferte.
818 3452 877 3513 Ubi
892 3461 934 3512 est
947 3452 1035 3513 Rex?
1055 3456 1122 3513 dete
1134 3457 1201 3511 mihi
1214 3461 1314 3511 utrem.
1392 3461 1394 3482 ¹

304 3549 309 3553 ’
328 3539 434 3600 LAM.
456 3536 548 3599 lulixu
561 3528 683 3595 esfmeie
698 3539 807 3593 ossibus
820 3534 969 3593 doloritica
982 3535 1091 3593 lancea.

329 3620 414 3691 Dic„
435 3618 540 3680 Videte
553 3620 625 3675 huuc
639 3617 769 3691 congium
783 3634 911 3673 vacuum.
953 3613 989 3671 lo
1001 3614 1164 3690 triumphe!

331 3700 463 3761 cflolr:
473 3698 510 3758 lo
522 3698 667 3773 triumphe
678 3715 760 3771 ergo,
773 3695 997 3770 quandoquidem
1012 3701 1044 3752 tn
1057 3714 1154 3769 rocas,
1168 3694 1188 3751 ὂ
1202 3692 1309 3754 senex!

331 3781 417 3841 Dic.
439 3779 477 3837 Et
489 3781 616 3853 insuper,
632 3778 786 3835 meraciore
798 3776 908 3849 infuso,
924 3794 983 3833 uno
995 3776 1096 3850 spiritu
1107 3776 1233 3835 exhauri.

332 3860 456 3920 CHOR.
480 3858 514 3916 ln
529 3856 690 3933 triumphe!
713 3857 733 3914 ὃ
746 3875 893 3932 generose,
906 3858 927 3926 i,
935 3864 1035 3914 uumto
1048 3863 1121 3914 utre.

334 3940 418 4001 Dic,
438 3941 591 4015 Sequimini
601 3938 659 4013 jam
674 3945 820 3995 cantantes
832 3936 865 3995 Io
877 3938 1037 4014 triumphe.

336 4020 461 4081 eflott.
483 4023 546 4097 Age
559 4038 708 4094 sequemur
723 4025 773 4077 tna
795 4036 892 4094 causa,
907 4017 943 4077 lo
964 4017 1123 4092 triumphe!
1145 4022 1290 4078 canentes
1303 4019 1327 4071 te
1338 4013 1359 4069 tl

293 4114 397 4170 utrem.

1391 4189 1392 4232 l

1391 4247 1392 4276 l

593 4318 1097 4363 m
1183 4342 1188 4357 1
