2875 4984
521 376 635 443 Psx.

86 532 231 599 Mnus.
253 536 347 599 Per'dl
368 543 518 599 ismarum
532 534 596 597 sisi

86 619 120 677 Τ
126 614 231 679 RYG.
252 620 397 690 Quorsum
409 620 499 697 ergo?

89 699 237 763 Mnnc.
258 700 574 778 Perqurmproeu1,in
589 700 793 775 penitissimum
814 701 1072 779 obditimimumqne
1085 704 1150 763 celi

38 800 214 841 recessum.

88 862 234 922 TRYG.
256 863 411 933 Quomodo
423 881 492 939 orgo
507 868 539 921 tn
552 862 598 923 bie
611 863 689 927 solus
702 882 733 923 es
745 863 883 922 relictus?

86 942 233 1003 MERC.
254 944 381 1004 Deorum
396 944 515 1005 adscrvo
529 945 638 1019 relique
651 946 774 1017 resonis,
788 946 900 1021 ollulas,
914 947 1033 1005 tabellas
1046 950 1076 1004 et
1086 962 1148 1005 sm.

39 1023 207 1097 phorulss.

90 1105 125 1161 ’1
129 1102 234 1165 RYG.
256 1106 309 1165 Sed
324 1108 500 1179 quapropter
514 1108 686 1195 emigramnt
698 1104 760 1164 dii?

89 1185 232 1245 Meno,
254 1186 330 1257 Quia
344 1186 533 1247 Grecisirsti
548 1179 634 1245 sunt:
657 1188 724 1247 ideo
746 1206 828 1261 qnem
851 1188 906 1262 ipsi
930 1192 1014 1245 enter
1036 1188 1148 1245 obtine·

40 1268 131 1324 bant
147 1268 254 1341 locum,
268 1287 332 1325 eum
349 1267 431 1327 Bello
444 1266 622 1325 incolendum
640 1270 789 1342 dederunt,
805 1270 887 1343 eique
901 1270 1100 1343 permiserunt,
1114 1274 1149 1325 nt

39 1367 105 1405 vos
124 1356 233 1407 tractet
246 1352 332 1423 pleno
350 1348 491 1407 arbitratu
513 1366 578 1409 sno.
620 1349 680 1423 lpsi
703 1360 797 1407 sutem
819 1368 929 1407 snrsnm
944 1368 1026 1422 qoam
1040 1351 1150 1425 longis·

40 1432 126 1487 sime
142 1431 310 1506 migrarunt,
320 1437 353 1487 nt
366 1450 402 1488 ne
415 1428 544 1490 riderent
562 1446 612 1489 ros
633 1433 755 1506 emplius
775 1433 948 1505 preliantes,
963 1450 1016 1489 nec
1038 1433 1148 1505 suppli.

44 1519 161 1581 cantes
174 1514 227 1569 sibi
241 1530 357 1585 prorsus
371 1513 518 1571 sentirent.

92 1590 229 1650 TRYG.
250 1591 303 1650 Sed
317 1611 369 1650 cur
382 1592 527 1651 nobiscnm
539 1593 580 1649 ite
591 1592 635 1666 agi
649 1590 824 1649 voluerunt?
845 1591 892 1648 die
902 1590 980 1648 mibi.

95 1670 230 1730 MERC.
253 1672 329 1741 Qun
343 1674 510 1749 belligerare
524 1670 680 1747 nolebatis,
697 1689 794 1745 pacem
808 1673 865 1729 illis
880 1691 956 1746 sepe
968 1670 1149 1729 concilianti.

44 1754 121 1809 bus.
166 1754 265 1827 Atque
277 1756 300 1811 si
315 1757 431 1827 quando
445 1752 573 1811 hunnos
587 1762 679 1812 essent
691 1755 861 1827 superiores,
874 1753 1002 1827 ipsorum
1016 1754 1076 1809 baec
1089 1752 1150 1810 irre

45 1841 144 1891 erant
159 1836 265 1893 verber
289 1832 386 1908 Nunc,
402 1839 446 1893 idn
466 1854 512 1893 me
531 1832 669 1894 Castores
683 1844 791 1904 emerit,
803 1836 920 1892 Atticus
928 1851 1035 1910 penos
1052 1834 1149 1891 dabir.

44 1914 172 1972 Contra
185 1915 210 1971 si
231 1914 416 1975 Athenienses
439 1916 604 1976 meliuscule
627 1934 684 1973 rem
707 1917 868 1989 gessissent,
894 1911 1150 1985 renireutqneLo·

46 2014 145 2053 eones
159 1996 195 2051 de
209 2013 278 2069 pace
291 2006 416 2069 agentes,
430 2014 480 2052 ros
501 1997 579 2053 illico
599 1997 731 2051 solebatis
744 1997 855 2051 dicere:
878 1993 991 2067 Officiis
1011 1995 1095 2051 nobis
1115 2013 1149 2051 os

49 2077 354 2142 subintrantium
372 2084 470 2132 servet
493 2074 654 2133 Minerva:
684 2072 746 2131 Per
759 2073 863 2131 ιΙοιιιιιι
885 2079 1003 2133 minimo
1023 2092 1086 2132 mos
1107 2080 1150 2133 eis

47 2156 212 2231 gerendus
227 2164 291 2213 cst·
315 2160 433 2213 venient
447 2157 554 2227 denuo,
566 2174 590 2211 ιι
586 2153 713 2231 Pylum
728 2155 894 2213 habeamus.

96 2234 189 2293 TRY
191 2235 232 2293 G.
254 2236 308 2293 Est
321 2228 370 2292 illa
381 2239 493 2309 quidem
506 2236 643 2293 sermonis
659 2237 748 2292 nostri
761 2238 885 2310 genuina
897 2234 999 2293 forms

97 2316 232 2375 MERC.
252 2317 442 2383 Quamobrem
457 2316 552 2375 neseio
565 2331 601 2373 an
616 2316 738 2375 Paeoni
732 2336 856 2390 nuquam
867 2316 928 2374 sitis
942 2314 1040 2373 visuri.

96 2394 232 2455 TRYG.
254 2396 397 2465 Quorsum
412 2417 481 2473 ergo
495 2397 587 2455 obiit?

97 2476 230 2535 Mune.
253 2476 364 2537 Bellum
377 2496 439 2537 erm
453 2479 551 2554 injecit
564 2480 593 2537 in
608 2485 721 2537 antrum
735 2476 920 2553 profundum.

96 2557 230 2617 TRYG.
253 2556 287 2617 Ιιι
301 2559 467 2632 quodnam?

99 2634 227 2698 MERC.
250 2638 285 2697 In
299 2640 374 2697 istud
388 2639 525 2696 infimum.
568 2637 678 2697 Deinde
690 2638 784 2695 riden’
797 2654 883 2708 qoam
903 2637 1008 2694 multos
1020 2637 1153 2711 superio·

50 2723 179 2799 gesserit
191 2722 308 2794 lapides,
323 2726 357 2777 nt
370 2740 429 2777 rem
444 2738 588 2793 nnnqnsm
599 2718 779 2793 prehendistis
791 2717 803 2775 ἓ
1253 2712 1260 2729 '

100 2800 232 2859 TRYG.
255 2800 309 2858 Dic
324 2802 400 2875 mihi,
409 2801 550 2897 quidnam
566 2820 636 2876 ergo
650 2800 716 2857 meli
725 2798 786 2873 J'am
799 2799 883 2855 nobis
895 2795 1001 2871 parnt?

102 2882 232 2941 MERC.
253 2881 415 2955 Nescio,'
388 2885 441 2939 nni
454 2900 542 2940 unum
556 2882 623 2958 hoc,
639 2900 701 2941 enm
723 2882 832 2955 vesperi
845 2878 1012 2937 mortarium
1024 2877 1153 2935 immanis

53 2964 266 3038 magnitudinis
278 2962 412 3019 intulisse.

103 3043 231 3103 TRYG.
253 3043 409 3116 Quorsum,
424 3060 534 3118 qnaeso,
550 3042 606 3101 isto
622 3040 762 3101 mortario
775 3037 895 3099 utetur?

102 3124 232 3183 MERC.
254 3124 531 3183 Contundereineo
556 3124 639 3181 urbes
662 3125 780 3197 cogitet.
822 3120 875 3178 Sed
899 3120 972 3177 ibo·
963 3120 1105 3196 etenim,
1119 3122 1154 3177 nt

58 3210 183 3283 opinor
197 3208 325 3263 exiturus
338 3213 401 3263 est.
425 3206 616 3263 tumultuetur
630 3206 730 3275 ntique
741 3206 823 3261 inme.

104 3286 233 3345 TRYG.
255 3284 522 3345 Heimiseronribit
542 3285 854 3361 ageeffuginmipsum:
871 3281 1154 3355 oanansensiqna·

59 3370 87 3428 si
102 3370 222 3427 morteri
236 3368 330 3425 bellici
344 3367 489 3429 sonitum
481 3385 543 3441 ipse
555 3366 652 3425 etism.

104 3448 194 3507 REI..
217 3448 408 3520 Inmortales,
422 3450 567 3520 mortales,
580 3447 714 3505 mortales
733 3443 892 3515 aernmnosi,
905 3459 990 3517 quum
1010 3443 1093 3501 raldo
1105 3460 1154 3499 ac·

61 3536 159 3589 tutum
174 3529 296 3589 maxillis
309 3528 460 3589 dolebitis!

106 3606 234 3669 TRYG.
258 3608 285 3667 0
299 3610 363 3667 dive
373 3610 492 3683 Apollo,
507 3604 930 3679 quentemortariamplitudo!
953 3611 1087 3677 quantum
1101 3620 1155 3661 an·

62 3699 123 3750 tem
137 3696 241 3751 malum
256 3698 299 3749 est
311 3693 389 3748 solus
403 3692 470 3749 beili
482 3688 645 3759 adspectus!
670 3691 720 3746 An
740 3688 796 3745 iste
805 3693 849 3743 ert
863 3685 912 3742 ille
923 3704 1007 3758 quem
1021 3683 1155 3757 fugimus,

63 3776 116 3833 ille
127 3775 317 3844 truculentus,
333 3774 380 3829 illc
392 3773 492 3844 durus,
503 3772 550 3827 illc
566 3770 726 3827 divaricatis
740 3768 870 3827 eruribus
884 3766 998 3825 firmans
1008 3762 1154 3847 gradum?
1181 3764 1185 3775 “

108 3852 197 3911 BEL.
220 3851 255 3910 Iu
265 3852 367 3911 Presiae
377 3853 541 3925 termiserre,
554 3864 583 3910 et
584 3850 762 3927 quinquies,
773 3849 904 3907 otdesier
923 3850 1027 3905 iterum
1039 3839 1156 3903 iterum·

65 3952 135 4008 que,
151 3943 184 3991 ut
197 3934 324 4006 peribitis
337 3933 440 3991 bodre'

109 4013 232 4073 TRYG.
254 4010 787 4089 Istudqmdem,or1r1‚n1hrladbuc
802 4011 911 4069 eduos
930 4007 1078 4083 pertinet.
1097 4022 1158 4063 mn·

67 4100 128 4157 lum
137 4099 210 4155 euim
225 4096 313 4152 bocee
326 4105 368 4153 est
380 4095 544 4165 Laconice-

102 4176 199 4235 BEL.
221 4175 256 4234 Io
270 4176 401 4257 Megara,
414 4176 548 4253 Megara,
563 4180 597 4237 nt
617 4178 746 4235 ectutum
770 4170 967 4249 conteremini,
981 4167 1114 4275 nminem
1120 4166 1157 4227 in

70 4265 210 4321 muretum
224 4259 330 4319 intrita.
