2875 4984
555 372 669 438 PAR.
862 390 866 397 ·
1104 381 1165 439 ³1³

93 519 242 589 TRYG.
262 530 338 610 Age,
354 533 487 609 obsecro,
504 531 638 596 miserere
654 528 794 612 supplicis
811 528 1013 609 somn-vods,
1026 534 1162 607 quodum

46 610 178 683 majori
190 613 273 671 etiem
288 621 317 671 te
327 632 410 689 guam
422 615 544 673 antehac
558 616 638 673 cultu
648 617 813 689 dignantur.

95 689 235 749 Mune.
257 692 426 753 Furcciores
439 699 511 755 enim
523 715 601 753 nnnc
613 702 679 753 suut
692 712 775 767 quero
788 694 919 755 antehoc.

92 769 236 831 TRYG.
259 774 356 847 Atque
369 778 421 833 tibi
435 778 568 833 iudicabo
581 794 639 835 rem
652 784 778 834 atrocem
788 780 818 831 et
830 773 926 849 rnogni
938 776 1161 851 momentique

45 859 175 910 contro
187 854 256 911 deos
266 874 363 915 omnes
375 858 538 931 suscipitur.
622 900 626 909 .
662 868 666 875 ’

95 930 238 991 MERC.
260 937 334 1011 Age,
349 938 441 1011 rodes,
456 941 609 1010 eloquere:
631 936 708 995 forte
721 937 796 993 enirn
812 935 983 1008 permoreris
995 950 1051 995 ute.

94 1012 239 1071 TRYG.
260 1014 392 1090 Nunsque
405 1016 491 1077 Lnnn
510 1027 541 1079 et
561 1024 706 1077 veterator
726 1018 776 1073 ille
788 1015 936 1076 Sol‘tobis
955 1016 1129 1073 insidientur
1143 1034 1162 1072 o

40 1094 156 1167 longo
167 1095 227 1170 jam
242 1103 389 1171 tempore:
412 1098 545 1158 Barbarie
559 1100 684 1173 produnt
696 1095 851 1156 Graeciuus.
970 1144 975 1154 .

94 1173 239 1234 Mune.
261 1176 384 1235 cernam
401 1200 468 1237 rero
482 1182 511 1237 id
525 1178 655 1237 iaciunt?
1078 1234 1082 1241 .

105 1253 245 1315 TRYG.
264 1257 340 1326 Quis
352 1260 447 1317 hercle
468 1279 520 1318 nos
538 1262 650 1333 quidem
663 1260 745 1316 rolris
763 1257 957 1318 sarihcnnrnsr
979 1258 1041 1317 istis
1062 1264 1158 1321 uteru

40 1336 184 1393 barbari
197 1339 368 1397 sacrificent.
408 1341 564 1414 Quocirca,
578 1347 610 1397 ut
623 1359 675 1413 par
686 1346 743 1413 es.t,·
756 1341 863 1397 vellent
879 1356 931 1397 ves
942 1352 1040 1397 omues
1055 1342 1160 1419 perire,

41 1423 88 1474 ut
101 1434 202 1488 secra,
217 1437 281 1490 que
295 1423 394 1479 ceteris
408 1423 461 1479 diis
472 1423 569 1481 offerri
578 1424 682 1492 solent,
693 1416 858 1493 acciperent
866 1420 921 1495 ipsi
934 1422 1039 1479 monto

97 1495 233 1555 Mune.
255 1500 328 1559 Hec
340 1520 409 1577 orgo
420 1513 571 1576 causaest,
585 1520 637 1559 cnr
648 1502 759 1559 dudum
778 1502 837 1557 dies
850 1500 1061 1559 ·irnmiuoerunt
1082 1504 1162 1559 clun.

43 1580 172 1653 culum,
187 1586 215 1635 et
228 1583 326 1639 orbem
339 1591 507 1641 corroserunt
517 1583 695 1659 aurigatione
708 1581 837 1639 subdola.

97 1654 237 1741 TRYG.
258 1660 331 1719 Rem
354 1664 450 1723 hercle
471 1667 597 1753 loquere.
635 1660 771 1733 Proinde,
787 1662 876 1718 amice
897 1658 1160 1737 Mercurialium

45 1759 115 1798 nos
127 1742 217 1797 elecrl
232 1742 339 1815 auimo,
352 1749 382 1801 et
394 1745 470 1801 illurn
485 1762 542 1801 nnn
554 1745 700 1802 uobiscum
715 1742 844 1798 extrahe.
879 1742 979 1813 Atque
993 1740 1045 1799 tihi
1060 1757 1162 1817 magne

45 1823 109 1879 illa
125 1820 317 1880 Peoethonaeo
337 1826 552 1899 celebrabimus,
567 1832 734 1894 ceterasque
748 1840 844 1879 ornnes
861 1822 979 1881 deorurn
1004 1824 1100 1896 ferias,
1119 1825 1162 1881 ito

46 1910 92 1959 ut
105 1902 245 1977 deinceps
260 1904 440 1963 inhonorem
456 1904 584 1962 Mercuri
596 1906 742 1978 agitentur
755 1901 908 1977 Mycena,
924 1901 1063 1976 Diipollo,
1077 1901 1161 1960 Ado.

45 1982 132 2041 nias
149 1988 211 2039 tum
228 1990 328 2043 cetos
344 1988 430 2043 urbes
447 2005 465 2042 a
477 1987 557 2043 melis
578 1986 704 2043 liberetae
719 1984 945 2041 nverrunoatori
958 1983 1161 2042 sucrlhcthunt

46 2062 217 2121 Mercurio
230 2066 360 2137 ubique:
382 2068 493 2138 aliaque
515 2071 655 2139 preterea
668 2067 757 2121 multo
769 2063 887 2119 habebis
899 2065 987 2121 honr.
1021 2061 1162 2124 Primum

46 2152 157 2202 autern
171 2144 250 2201 dono
265 2145 317 2202 tibi
331 2147 453 2221 phialam
466 2148 573 2205 herese
582 2147 632 2218 do,
647 2152 680 2201 ut
692 2163 726 2201 en
737 2146 831 2201 libore
843 2146 942 2219 pessis.

98 2223 235 2283 MERC.
258 2226 325 2300 Hei,
350 2246 435 2301 quem
458 2229 617 2287 misericors
639 2242 750 2299 semper
771 2242 834 2283 snm
853 2238 983 2283 rostrum
1000 2239 1158 2288 ‚rumorum

49 2304 176 2383 gratia!
205 2304 338 2365 Vestrum
352 2310 484 2384 deinceps
499 2308 644 2385 negotium
661 2314 716 2383 est,
732 2306 751 2365 ὂ
766 2306 841 2391 risi:
872 2323 924 2381 nge
937 2323 1003 2365 cuns
1015 2307 1161 2382 ligonibus

50 2390 407 2546 ruggpggpcngg‘lceprgppl
412 2397 594 2529 ddroidtdero
606 2470 701 2538 nohis,
716 2468 736 2526 d
748 2468 867 2529 deorum
879 2466 1094 2544 sapientissime,
1108 2467 1161 2529 nd.

49 2553 117 2623 eta,
132 2557 173 2622 et,
190 2554 222 2605 ut
236 2550 349 2609 labrum
365 2553 525 2625 praeiechrs,
537 2550 675 2623 quidquid
688 2550 769 2605 iacto
785 2568 855 2623 opes
867 2552 915 2625 rit,
931 2552 1060 2623 imperor
1082 2557 1160 2611 cetea

49 2648 126 2687 rum
142 2630 266 2689 invenies
280 2650 332 2688 nos
342 2634 378 2689 od
392 2632 605 2689 ministrandum
620 2648 680 2687 non
694 2628 822 2701 ignaros.

50 2788 73 2849 d
98 2708 227 2769 TRYG.
249 2712 384 2787 Agedum
398 2720 430 2771 tu
443 2714 523 2772 ocius
543 2712 660 2788 porrige
679 2710 815 2785 phisicus,
831 2715 865 2767 ut
885 2724 959 2783 epus
978 2711 1158 2785 suspicemur

77 2809 131 2849 eos
147 2794 264 2864 precati.

99 2870 232 2931 Mune.
255 2870 372 2931 Libatio
386 2872 426 2945 fit,
440 2865 561 2933 lihatior
585 2890 636 2933 ere
649 2872 753 2947 terete,
764 2890 818 2931 oro
830 2872 933 2929 loreto.

100 2950 230 3012 TRYG.
255 2954 336 3012 lotor
348 2956 495 3013 libentium
510 2972 666 3029 precamur,
678 2960 709 3010 ut
729 2970 852 3028 presens
864 2951 925 3011 dies
937 2952 988 3010 tias
1000 2952 1157 3009 multorum

54 3034 209 3092 bonorum
224 3032 333 3093 Graecis
347 3038 478 3095 omnibus
492 3037 626 3107 initium
648 3036 755 3108 quique
768 3041 885 3109 promto
897 3033 995 3091 animo
1008 3032 1088 3091 innoc
1104 3050 1156 3091 uo·

54 3116 174 3173 hiscum
189 3118 353 3191 contigerit,
364 3119 412 3175 ille
423 3120 467 3175 vir
484 3124 517 3175 ut
529 3134 676 3190 nunquam
688 3123 783 3173 sumet
795 3115 938 3192 clypeum.
994 3172 997 3177 .

102 3194 231 3253 CHOR.
252 3195 363 3272 Edepol
382 3216 418 3255 ue
439 3200 571 3274 clypeum
585 3216 711 3257 sumam:
734 3197 829 3255 sedin
849 3214 920 3271 poce
941 3195 1038 3270 potius
1057 3195 1158 3271 degan

56 3280 186 3345 celetem,
201 3278 307 3335 hebens
321 3280 437 3337 emicem
447 3288 477 3337 et
489 3280 619 3339 {edicens
632 3278 781 3337 corbones.

102 3354 230 3414 TRYG.
255 3358 388 3433 Quisquis
408 3366 503 3417 notem
526 3362 632 3418 bellum
654 3363 810 3432 praeoptat,
824 3356 848 3413 ir
866 3373 1011 3431 nunqnam
1032 3357 1154 3435 desinet,
1224 3389 1228 3397 ·

58 3436 82 3495 ὃ
97 3438 163 3495 dive
177 3437 302 3511 Bacche,
316 3459 332 3496 c
346 3441 448 3498 cubitis
460 3441 516 3498 suis
530 3444 653 3499 telorum
664 3440 794 3510 cuspides
806 3437 936 3495 eximere.

107 3516 231 3575 CHOR.
253 3518 328 3577 Tum
352 3521 458 3595 siquis
480 3524 596 3596 cupiens
621 3520 734 3579 ordines
753 3519 870 3591 dooere,
883 3520 935 3576 tibi
955 3521 1027 3579 lueis
1040 3533 1155 3578 usuram
1200 3572 1210 3589 ,

57 3599 183 3673 invidet,
199 3598 297 3657 ddive
309 3598 382 3677 Pax,
401 3603 431 3658 in
451 3604 556 3677 praellis
576 3604 650 3661 idem
670 3599 697 3657 ei
718 3602 877 3676 confingat,
895 3604 974 3673 quod
995 3602 1156 3678 Cleonymo

55 3680 144 3741 nolet.
548 3722 551 3731 .

102 3756 232 3819 TRYG.
254 3759 329 3820 Ten
342 3762 364 3819 si
378 3762 438 3834 quis
451 3762 600 3828 hesternus.
617 3764 711 3841 soher,
724 3771 776 3823 ont
795 3762 913 3821 institor
931 3764 1111 3839 clypeorum,
1124 3767 1156 3822 ut

59 3856 169 3899 meroes
191 3860 257 3903 suns
276 3844 377 3901 melius
397 3845 508 3917 vendut,
527 3846 630 3905 bellum
649 3848 744 3924 eupit,
767 3849 790 3907 is
810 3862 828 3901 n
849 3844 1032 3919 predonibus
1054 3851 1157 3919 capte·

60 3921 135 3979 nihil
149 3921 203 3978 nisi
215 3922 353 3982 hordeum
368 3926 508 3983 comedat.
620 3922 623 3929 ’
1026 3930 1033 3941 “

105 4000 227 4061 CHOR.
247 4002 321 4062 Tum
336 4006 431 4080 siquis
444 4007 600 4080 imperator
613 4024 672 4066 esse
685 4008 781 4067 voleus
791 3980 849 4067 uon
862 4004 1019 4081 ndjuverit,
1034 4010 1086 4063 tut
1096 4017 1156 4064 ser·
1174 4002 1177 4009 ’

63 4098 117 4140 vus
137 4082 238 4155 aliquis
257 4086 435 4163 transfugere
446 4089 484 4145 nd
503 4089 598 4145 hostes
613 4104 728 4163 pernes,
741 4090 771 4146 lu
786 4096 852 4147 roto
864 4092 990 4148 versent
1009 4094 1039 4147 et
1058 4086 1154 4163 llngrit

65 4163 209 4227 nudetur:
231 4164 315 4223 uubis
331 4184 400 4227 vero
413 4171 491 4229 bons
503 4170 634 4229 evenient
645 4180 683 4228 111
695 4178 813 4227 immi
824 4179 873 4227 tn.

103 4238 345 4386 'infidisne
357 4248 434 4311 istud
447 4258 579 4311 11A1E11s
590 4256 623 4391 pt
634 4250 681 4312 dio
692 4256 805 4312 nutem
816 4258 864 4311 un

188 4342 217 4385 L·
254 4343 286 4389 V.
619 4347 635 4389 1
