<?xml version="1.0" encoding="UTF-8"?>
<!DOCTYPE html PUBLIC "-//W3C//DTD XHTML 1.0 Transitional//EN"
    "http://www.w3.org/TR/xhtml1/DTD/xhtml1-transitional.dtd">
<html xmlns="http://www.w3.org/1999/xhtml" xml:lang="en" lang="en">
 <head>
  <title>
</title>
<meta http-equiv="Content-Type" content="text/html;charset=utf-8" />
  <meta name='ocr-system' content='tesseract 3.04.00' />
  <meta name='ocr-capabilities' content='ocr_page ocr_carea ocr_par ocr_line ocrx_word'/>
</head>
<body>
  <div class='ocr_page' id='page_1' title='image "aristophaniscom00brungoog_0306.png"; bbox 0 0 2875 4984; ppageno 0'>
   <div class='ocr_carea' id='block_1_1' title="bbox 283 261 1409 449">
    <p class='ocr_par' dir='ltr' id='par_1_1' title="bbox 283 261 1409 549">
     <span class='ocr_line' id='line_1_1' title="bbox 1407 261 1409 304; baseline 0 0"><span class='ocrx_word' id='word_1_1' title='bbox 1407 261 1409 304; x_wconf 74' lang='lat' dir='ltr'><strong>i</strong></span> 
     </span>
     <span class='ocr_line' id='line_1_2' title="bbox 283 326 1332 449; baseline -0.009 -7"><span class='ocrx_word' id='word_1_2' title='bbox 283 382 344 443; x_wconf 76' lang='lat' dir='ltr'><strong>sos</strong></span> <span class='ocrx_word' id='word_1_3' title='bbox 621 326 1031 449; x_wconf 75' lang='lat' dir='ltr'><strong>uetsronuuuvs</strong></span> <span class='ocrx_word' id='word_1_4' title='bbox 1232 387 1240 444; x_wconf 80' lang='lat'>5</span> <span class='ocrx_word' id='word_1_5' title='bbox 1291 362 1332 430; x_wconf 86' lang='grc'><strong>·,</strong></span> 
     </span>
    </p>
   </div>
   <div class='ocr_carea' id='block_1_2' title="bbox 238 532 1409 1592">
    <p class='ocr_par' dir='ltr' id='par_1_2' title="bbox 323 532 1217 610">
     <span class='ocr_line' id='line_1_3' title="bbox 323 532 1217 610; baseline -0.001 -15"><span class='ocrx_word' id='word_1_6' title='bbox 323 532 405 595; x_wconf 88' lang='lat' dir='ltr'><strong>DlC.</strong></span> <span class='ocrx_word' id='word_1_7' title='bbox 421 534 521 605; x_wconf 81' lang='lat' dir='ltr'><strong>Qualis</strong></span> <span class='ocrx_word' id='word_1_8' title='bbox 535 541 579 595; x_wconf 88' lang='lat' dir='ltr'><strong>est</strong></span> <span class='ocrx_word' id='word_1_9' title='bbox 591 533 818 608; x_wconf 72' lang='lat' dir='ltr'><strong>illelmmaebus,</strong></span> <span class='ocrx_word' id='word_1_10' title='bbox 832 533 883 608; x_wconf 88' lang='lat' dir='ltr'><strong>qui</strong></span> <span class='ocrx_word' id='word_1_11' title='bbox 894 535 1048 610; x_wconf 74' lang='lat' dir='ltr'><strong>anguillam</strong></span> <span class='ocrx_word' id='word_1_12' title='bbox 1061 532 1155 610; x_wconf 76' lang='lat' dir='ltr'><strong>petit?</strong></span> <span class='ocrx_word' id='word_1_13' title='bbox 1212 546 1217 553; x_wconf 85' lang='lat'><em>&#39;</em></span> 
     </span>
    </p>

    <p class='ocr_par' dir='ltr' id='par_1_3' title="bbox 285 611 1409 773">
     <span class='ocr_line' id='line_1_4' title="bbox 325 611 1409 694; baseline -0.001 -20"><span class='ocrx_word' id='word_1_14' title='bbox 325 611 352 674; x_wconf 82' lang='lat' dir='ltr'>F</span> <span class='ocrx_word' id='word_1_15' title='bbox 354 616 429 675; x_wconf 87' lang='lat' dir='ltr'><strong>AM.</strong></span> <span class='ocrx_word' id='word_1_16' title='bbox 451 616 505 674; x_wconf 86' lang='lat' dir='ltr'><strong>Ille</strong></span> <span class='ocrx_word' id='word_1_17' title='bbox 520 618 660 689; x_wconf 82' lang='lat' dir='ltr'><strong>terribilis,</strong></span> <span class='ocrx_word' id='word_1_18' title='bbox 675 618 723 673; x_wconf 88' lang='lat' dir='ltr'><strong>ille</strong></span> <span class='ocrx_word' id='word_1_19' title='bbox 735 617 866 673; x_wconf 85' lang='lat' dir='ltr'><strong>laborum</strong></span> <span class='ocrx_word' id='word_1_20' title='bbox 880 619 1001 690; x_wconf 83' lang='lat' dir='ltr'><strong>paticus,</strong></span> <span class='ocrx_word' id='word_1_21' title='bbox 1014 618 1065 689; x_wconf 92' lang='lat' dir='ltr'><strong>qui</strong></span> <span class='ocrx_word' id='word_1_22' title='bbox 1084 617 1219 693; x_wconf 84' lang='lat' dir='ltr'><strong>clypeum</strong></span> <span class='ocrx_word' id='word_1_23' title='bbox 1231 612 1382 691; x_wconf 74' lang='lat' dir='ltr'><strong>Gorgone</strong></span> <span class='ocrx_word' id='word_1_24' title='bbox 1407 655 1409 694; x_wconf 73' lang='lat'><strong>,</strong></span> 
     </span>
     <span class='ocr_line' id='line_1_5' title="bbox 285 697 1076 773; baseline -0.003 -18"><span class='ocrx_word' id='word_1_25' title='bbox 285 697 447 771; x_wconf 75' lang='lat' dir='ltr'><strong>insignitum</strong></span> <span class='ocrx_word' id='word_1_26' title='bbox 462 699 597 767; x_wconf 79' lang='lat' dir='ltr'><strong>concutit,</strong></span> <span class='ocrx_word' id='word_1_27' title='bbox 611 704 723 765; x_wconf 83' lang='lat' dir='ltr'><strong>motans</strong></span> <span class='ocrx_word' id='word_1_28' title='bbox 736 703 794 755; x_wconf 83' lang='lat' dir='ltr'><strong>tres</strong></span> <span class='ocrx_word' id='word_1_29' title='bbox 806 698 954 754; x_wconf 82' lang='lat' dir='ltr'><strong>umbrosas</strong></span> <span class='ocrx_word' id='word_1_30' title='bbox 967 698 1076 773; x_wconf 72' lang='lat' dir='ltr'><strong>ersus.</strong></span> 
     </span>
    </p>

    <p class='ocr_par' dir='ltr' id='par_1_4' title="bbox 287 776 1409 1099">
     <span class='ocr_line' id='line_1_6' title="bbox 328 776 1383 849; baseline -0.004 -14"><span class='ocrx_word' id='word_1_31' title='bbox 328 776 411 837; x_wconf 79' lang='lat' dir='ltr'><strong>Dic.</strong></span> <span class='ocrx_word' id='word_1_32' title='bbox 434 778 504 836; x_wconf 91' lang='lat' dir='ltr'><strong>Nou</strong></span> <span class='ocrx_word' id='word_1_33' title='bbox 523 781 547 836; x_wconf 91' lang='lat' dir='ltr'><strong>el</strong></span> <span class='ocrx_word' id='word_1_34' title='bbox 568 778 707 835; x_wconf 86' lang='lat' dir='ltr'>mehercle</span> <span class='ocrx_word' id='word_1_35' title='bbox 721 778 881 849; x_wconf 79' lang='lat' dir='ltr'><strong>venderem,</strong></span> <span class='ocrx_word' id='word_1_36' title='bbox 896 777 1005 835; x_wconf 82' lang='lat' dir='ltr'><strong>etiamsi</strong></span> <span class='ocrx_word' id='word_1_37' title='bbox 1024 777 1093 835; x_wconf 87' lang='lat' dir='ltr'><strong>milri</strong></span> <span class='ocrx_word' id='word_1_38' title='bbox 1106 778 1187 837; x_wconf 82' lang='lat' dir='ltr'><strong>deret</strong></span> <span class='ocrx_word' id='word_1_39' title='bbox 1198 778 1283 835; x_wconf 87' lang='lat' dir='ltr'><strong>illum</strong></span> <span class='ocrx_word' id='word_1_40' title='bbox 1297 794 1383 833; x_wconf 88' lang='lat' dir='ltr'><strong>suum</strong></span> 
     </span>
     <span class='ocr_line' id='line_1_7' title="bbox 287 858 1381 937; baseline -0.004 -22"><span class='ocrx_word' id='word_1_41' title='bbox 287 860 437 937; x_wconf 79' lang='lat' dir='ltr'><strong>clypeum:</strong></span> <span class='ocrx_word' id='word_1_42' title='bbox 460 860 508 917; x_wconf 84' lang='lat' dir='ltr'><strong>sed</strong></span> <span class='ocrx_word' id='word_1_43' title='bbox 520 860 556 915; x_wconf 86' lang='lat' dir='ltr'><strong>sd</strong></span> <span class='ocrx_word' id='word_1_44' title='bbox 568 862 735 917; x_wconf 84' lang='lat' dir='ltr'><strong>salsamenta</strong></span> <span class='ocrx_word' id='word_1_45' title='bbox 747 860 845 915; x_wconf 84' lang='lat' dir='ltr'><strong>cristas</strong></span> <span class='ocrx_word' id='word_1_46' title='bbox 861 876 928 917; x_wconf 86' lang='lat' dir='ltr'><strong>suas</strong></span> <span class='ocrx_word' id='word_1_47' title='bbox 945 865 1056 920; x_wconf 81' lang='lat' dir='ltr'><strong>motans</strong></span> <span class='ocrx_word' id='word_1_48' title='bbox 1068 876 1099 915; x_wconf 86' lang='lat' dir='ltr'><strong>se</strong></span> <span class='ocrx_word' id='word_1_49' title='bbox 1111 858 1267 915; x_wconf 83' lang='lat' dir='ltr'><strong>conserat:</strong></span> <span class='ocrx_word' id='word_1_50' title='bbox 1291 858 1315 913; x_wconf 87' lang='lat' dir='ltr'><strong>si</strong></span> <span class='ocrx_word' id='word_1_51' title='bbox 1329 876 1381 913; x_wconf 88' lang='lat' dir='ltr'><strong>au·</strong></span> 
     </span>
     <span class='ocr_line' id='line_1_8' title="bbox 287 937 1409 1013; baseline -0.002 -18"><span class='ocrx_word' id='word_1_52' title='bbox 287 946 346 995; x_wconf 88' lang='lat' dir='ltr'><strong>tem</strong></span> <span class='ocrx_word' id='word_1_53' title='bbox 367 940 602 1009; x_wconf 80' lang='lat' dir='ltr'><strong>tumultuabitur,</strong></span> <span class='ocrx_word' id='word_1_54' title='bbox 621 943 820 1013; x_wconf 82' lang='lat' dir='ltr'><strong>Agoranomos</strong></span> <span class='ocrx_word' id='word_1_55' title='bbox 841 938 1001 995; x_wconf 79' lang='lat' dir='ltr'><strong>advocabo.</strong></span> <span class='ocrx_word' id='word_1_56' title='bbox 1041 938 1104 1013; x_wconf 78' lang='lat' dir='ltr'><strong>Ego</strong></span> <span class='ocrx_word' id='word_1_57' title='bbox 1126 947 1218 995; x_wconf 88' lang='lat' dir='ltr'><strong>autem</strong></span> <span class='ocrx_word' id='word_1_58' title='bbox 1241 937 1384 995; x_wconf 82' lang='lat' dir='ltr'><strong>adsumtis</strong></span> <span class='ocrx_word' id='word_1_59' title='bbox 1407 957 1409 1012; x_wconf 62' lang='lat' dir='ltr'><strong>t</strong></span> 
     </span>
     <span class='ocr_line' id='line_1_9' title="bbox 287 1015 1408 1099; baseline 0 -22"><span class='ocrx_word' id='word_1_60' title='bbox 287 1019 342 1091; x_wconf 85' lang='lat' dir='ltr'><strong>his,</strong></span> <span class='ocrx_word' id='word_1_61' title='bbox 357 1039 417 1094; x_wconf 80' lang='lat' dir='ltr'><strong>que</strong></span> <span class='ocrx_word' id='word_1_62' title='bbox 432 1022 497 1089; x_wconf 83' lang='lat' dir='ltr'><strong>euri,</strong></span> <span class='ocrx_word' id='word_1_63' title='bbox 511 1021 627 1077; x_wconf 82' lang='lat' dir='ltr'><strong>intrabo</strong></span> <span class='ocrx_word' id='word_1_64' title='bbox 641 1020 777 1077; x_wconf 78' lang='lat' dir='ltr'><strong>sublatur</strong></span> <span class='ocrx_word' id='word_1_65' title='bbox 791 1018 847 1075; x_wconf 79' lang='lat' dir='ltr'><strong>olis</strong></span> <span class='ocrx_word' id='word_1_66' title='bbox 858 1020 1016 1077; x_wconf 85' lang='lat' dir='ltr'><strong>turdorum</strong></span> <span class='ocrx_word' id='word_1_67' title='bbox 1028 1027 1059 1077; x_wconf 84' lang='lat' dir='ltr'><strong>et</strong></span> <span class='ocrx_word' id='word_1_68' title='bbox 1071 1020 1268 1099; x_wconf 71' lang='lat' dir='ltr'><strong>merulorunr.</strong></span> <span class='ocrx_word' id='word_1_69' title='bbox 1407 1015 1408 1082; x_wconf 75' lang='lat' dir='ltr'><strong>l</strong></span> 
     </span>
    </p>

    <p class='ocr_par' dir='ltr' id='par_1_5' title="bbox 287 1098 1409 1497">
     <span class='ocr_line' id='line_1_10' title="bbox 329 1098 1409 1174; baseline -0.004 -16"><span class='ocrx_word' id='word_1_70' title='bbox 329 1098 450 1158; x_wconf 78' lang='lat' dir='ltr'>CHOR.</span> <span class='ocrx_word' id='word_1_71' title='bbox 473 1098 601 1173; x_wconf 86' lang='lat' dir='ltr'><strong>Vidistis,</strong></span> <span class='ocrx_word' id='word_1_72' title='bbox 616 1100 734 1173; x_wconf 82' lang='lat' dir='ltr'><strong>vidistis,</strong></span> <span class='ocrx_word' id='word_1_73' title='bbox 749 1100 769 1157; x_wconf 84' lang='lat' dir='ltr'><strong>d</strong></span> <span class='ocrx_word' id='word_1_74' title='bbox 782 1101 857 1156; x_wconf 83' lang='lat' dir='ltr'><strong>cives</strong></span> <span class='ocrx_word' id='word_1_75' title='bbox 870 1117 978 1173; x_wconf 85' lang='lat' dir='ltr'><strong>omnes,</strong></span> <span class='ocrx_word' id='word_1_76' title='bbox 993 1100 1086 1157; x_wconf 91' lang='lat' dir='ltr'><strong>virum</strong></span> <span class='ocrx_word' id='word_1_77' title='bbox 1108 1102 1280 1174; x_wconf 85' lang='lat' dir='ltr'><strong>prudentem</strong></span> <span class='ocrx_word' id='word_1_78' title='bbox 1294 1103 1327 1155; x_wconf 87' lang='lat' dir='ltr'><strong>et</strong></span> <span class='ocrx_word' id='word_1_79' title='bbox 1339 1115 1381 1155; x_wconf 87' lang='lat' dir='ltr'><strong>sa·</strong></span> <span class='ocrx_word' id='word_1_80' title='bbox 1407 1113 1409 1170; x_wconf 67' lang='lat' dir='ltr'><strong>t</strong></span> 
     </span>
     <span class='ocr_line' id='line_1_11' title="bbox 287 1179 1408 1256; baseline -0.003 -20"><span class='ocrx_word' id='word_1_81' title='bbox 287 1179 503 1255; x_wconf 84' lang='lat' dir='ltr'><strong>pientissimurn,</strong></span> <span class='ocrx_word' id='word_1_82' title='bbox 515 1188 546 1238; x_wconf 91' lang='lat' dir='ltr'><strong>ut</strong></span> <span class='ocrx_word' id='word_1_83' title='bbox 558 1184 584 1238; x_wconf 82' lang='lat' dir='ltr'><strong>si</strong></span> <span class='ocrx_word' id='word_1_84' title='bbox 598 1200 685 1252; x_wconf 90' lang='lat' dir='ltr'><strong>nuuc,</strong></span> <span class='ocrx_word' id='word_1_85' title='bbox 701 1187 852 1253; x_wconf 81' lang='lat' dir='ltr'><strong>postquam</strong></span> <span class='ocrx_word' id='word_1_86' title='bbox 865 1179 993 1237; x_wconf 79' lang='lat' dir='ltr'><strong>inducias</strong></span> <span class='ocrx_word' id='word_1_87' title='bbox 1005 1180 1124 1256; x_wconf 78' lang='lat' dir='ltr'><strong>pepigit,</strong></span> <span class='ocrx_word' id='word_1_88' title='bbox 1139 1182 1234 1237; x_wconf 89' lang='lat' dir='ltr'><strong>omnia</strong></span> <span class='ocrx_word' id='word_1_89' title='bbox 1244 1179 1384 1237; x_wconf 64' lang='lat' dir='ltr'><strong>coemere</strong></span> <span class='ocrx_word' id='word_1_90' title='bbox 1407 1181 1408 1190; x_wconf 76' lang='grc'>’</span> 
     </span>
     <span class='ocr_line' id='line_1_12' title="bbox 287 1261 1409 1342; baseline -0.003 -25"><span class='ocrx_word' id='word_1_91' title='bbox 287 1262 382 1337; x_wconf 85' lang='lat' dir='ltr'><strong>liccat,</strong></span> <span class='ocrx_word' id='word_1_92' title='bbox 397 1280 460 1334; x_wconf 87' lang='lat' dir='ltr'><strong>quae</strong></span> <span class='ocrx_word' id='word_1_93' title='bbox 480 1263 575 1319; x_wconf 87' lang='lat' dir='ltr'><strong>solent</strong></span> <span class='ocrx_word' id='word_1_94' title='bbox 597 1280 615 1318; x_wconf 87' lang='lat' dir='ltr'><strong>a</strong></span> <span class='ocrx_word' id='word_1_95' title='bbox 634 1261 841 1319; x_wconf 76' lang='lat' dir='ltr'><strong>mercatoribus</strong></span> <span class='ocrx_word' id='word_1_96' title='bbox 862 1262 975 1334; x_wconf 78' lang='lat' dir='ltr'><strong>advehi,</strong></span> <span class='ocrx_word' id='word_1_97' title='bbox 990 1280 1112 1334; x_wconf 90' lang='lat' dir='ltr'><strong>quorum</strong></span> <span class='ocrx_word' id='word_1_98' title='bbox 1132 1261 1293 1337; x_wconf 10' lang='lat' dir='ltr'><strong>aliapdomi</strong></span> <span class='ocrx_word' id='word_1_99' title='bbox 1311 1264 1385 1317; x_wconf 88' lang='lat' dir='ltr'><strong>suut</strong></span> <span class='ocrx_word' id='word_1_100' title='bbox 1407 1281 1409 1342; x_wconf 70' lang='lat' dir='ltr'><strong>l</strong></span> 
     </span>
     <span class='ocr_line' id='line_1_13' title="bbox 289 1340 1409 1430; baseline 0 -33"><span class='ocrx_word' id='word_1_101' title='bbox 289 1343 380 1415; x_wconf 87' lang='lat' dir='ltr'><strong>utilia,</strong></span> <span class='ocrx_word' id='word_1_102' title='bbox 394 1343 449 1399; x_wconf 86' lang='lat' dir='ltr'><strong>alia</strong></span> <span class='ocrx_word' id='word_1_103' title='bbox 462 1344 652 1399; x_wconf 80' lang='lat' dir='ltr'><strong>comedentem</strong></span> <span class='ocrx_word' id='word_1_104' title='bbox 663 1342 778 1415; x_wconf 88' lang='lat' dir='ltr'><strong>juvant,</strong></span> <span class='ocrx_word' id='word_1_105' title='bbox 794 1341 891 1413; x_wconf 88' lang='lat' dir='ltr'><strong>tepida</strong></span> <span class='ocrx_word' id='word_1_106' title='bbox 903 1360 991 1398; x_wconf 64' lang='lat' dir='ltr'><strong>mum</strong></span> <span class='ocrx_word' id='word_1_107' title='bbox 1004 1343 1146 1415; x_wconf 83' lang='lat' dir='ltr'><strong>adposita.</strong></span> <span class='ocrx_word' id='word_1_108' title='bbox 1186 1340 1282 1399; x_wconf 88' lang='lat' dir='ltr'><strong>Simul</strong></span> <span class='ocrx_word' id='word_1_109' title='bbox 1294 1342 1384 1397; x_wconf 85' lang='lat' dir='ltr'><strong>etiam</strong></span> <span class='ocrx_word' id='word_1_110' title='bbox 1407 1345 1409 1430; x_wconf 59' lang='lat' dir='ltr'><strong>l</strong></span> 
     </span>
     <span class='ocr_line' id='line_1_14' title="bbox 289 1420 1384 1497; baseline -0.005 -16"><span class='ocrx_word' id='word_1_111' title='bbox 289 1440 408 1497; x_wconf 81' lang='lat' dir='ltr'><strong>magnos</strong></span> <span class='ocrx_word' id='word_1_112' title='bbox 421 1422 537 1497; x_wconf 85' lang='lat' dir='ltr'><strong>spiritus</strong></span> <span class='ocrx_word' id='word_1_113' title='bbox 556 1423 652 1495; x_wconf 88' lang='lat' dir='ltr'><strong>sumit,</strong></span> <span class='ocrx_word' id='word_1_114' title='bbox 665 1423 771 1496; x_wconf 84' lang='lat' dir='ltr'><strong>basque</strong></span> <span class='ocrx_word' id='word_1_115' title='bbox 795 1424 901 1496; x_wconf 82' lang='lat' dir='ltr'><strong>plumas</strong></span> <span class='ocrx_word' id='word_1_116' title='bbox 924 1430 992 1479; x_wconf 80' lang='lat' dir='ltr'><strong>aute</strong></span> <span class='ocrx_word' id='word_1_117' title='bbox 1011 1424 1116 1479; x_wconf 86' lang='lat' dir='ltr'><strong>ostium</strong></span> <span class='ocrx_word' id='word_1_118' title='bbox 1137 1420 1271 1496; x_wconf 87' lang='lat' dir='ltr'><strong>projicit,</strong></span> <span class='ocrx_word' id='word_1_119' title='bbox 1286 1422 1384 1478; x_wconf 89' lang='lat' dir='ltr'><strong>docu-</strong></span> 
     </span>
    </p>

    <p class='ocr_par' dir='ltr' id='par_1_6' title="bbox 238 1485 1409 1592">
     <span class='ocr_line' id='line_1_15' title="bbox 238 1485 1409 1592; baseline -0.003 -31"><span class='ocrx_word' id='word_1_120' title='bbox 238 1522 240 1527; x_wconf 73' lang='grc'>’</span> <span class='ocrx_word' id='word_1_121' title='bbox 288 1509 387 1570; x_wconf 83' lang='lat' dir='ltr'><strong>mento</strong></span> <span class='ocrx_word' id='word_1_122' title='bbox 398 1505 507 1562; x_wconf 85' lang='lat' dir='ltr'><strong>suturas</strong></span> <span class='ocrx_word' id='word_1_123' title='bbox 518 1503 630 1578; x_wconf 89' lang='lat' dir='ltr'><strong>opipari</strong></span> <span class='ocrx_word' id='word_1_124' title='bbox 643 1503 752 1559; x_wconf 84' lang='lat' dir='ltr'><strong>victus:</strong></span> <span class='ocrx_word' id='word_1_125' title='bbox 776 1501 853 1559; x_wconf 88' lang='lat' dir='ltr'><strong>bona</strong></span> <span class='ocrx_word' id='word_1_126' title='bbox 865 1502 931 1559; x_wconf 88' lang='lat' dir='ltr'><strong>huic</strong></span> <span class='ocrx_word' id='word_1_127' title='bbox 943 1511 1046 1576; x_wconf 86' lang='lat' dir='ltr'><strong>sponte</strong></span> <span class='ocrx_word' id='word_1_128' title='bbox 1057 1508 1251 1577; x_wconf 80' lang='lat' dir='ltr'><strong>suggeruntur</strong></span> <span class='ocrx_word' id='word_1_129' title='bbox 1271 1502 1381 1558; x_wconf 84' lang='lat' dir='ltr'><strong>omnia.</strong></span> <span class='ocrx_word' id='word_1_130' title='bbox 1407 1485 1409 1592; x_wconf 50' lang='lat' dir='ltr'><strong>A</strong></span> 
     </span>
    </p>
   </div>
   <div class='ocr_carea' id='block_1_3' title="bbox 169 1581 1409 1737">
    <p class='ocr_par' dir='ltr' id='par_1_7' title="bbox 169 1581 1409 1737">
     <span class='ocr_line' id='line_1_16' title="bbox 169 1581 1409 1666; baseline -0.002 -25"><span class='ocrx_word' id='word_1_131' title='bbox 169 1636 172 1641; x_wconf 80' lang='grc'>,</span> <span class='ocrx_word' id='word_1_132' title='bbox 288 1584 413 1643; x_wconf 83' lang='lat' dir='ltr'><strong>Martem</strong></span> <span class='ocrx_word' id='word_1_133' title='bbox 427 1604 480 1661; x_wconf 75' lang='lat' dir='ltr'><strong>ego</strong></span> <span class='ocrx_word' id='word_1_134' title='bbox 494 1594 639 1656; x_wconf 73' lang='lat' dir='ltr'><strong>uunquam</strong></span> <span class='ocrx_word' id='word_1_135' title='bbox 651 1582 790 1658; x_wconf 77' lang='lat' dir='ltr'><strong>excipiam</strong></span> <span class='ocrx_word' id='word_1_136' title='bbox 800 1584 898 1652; x_wconf 88' lang='lat' dir='ltr'><strong>domo,</strong></span> <span class='ocrx_word' id='word_1_137' title='bbox 912 1601 1003 1655; x_wconf 86' lang='lat' dir='ltr'><strong>neque</strong></span> <span class='ocrx_word' id='word_1_138' title='bbox 1012 1584 1090 1656; x_wconf 90' lang='lat' dir='ltr'><strong>apud</strong></span> <span class='ocrx_word' id='word_1_139' title='bbox 1103 1601 1148 1640; x_wconf 86' lang='lat' dir='ltr'><strong>me</strong></span> <span class='ocrx_word' id='word_1_140' title='bbox 1160 1600 1288 1655; x_wconf 87' lang='lat' dir='ltr'><strong>unquam</strong></span> <span class='ocrx_word' id='word_1_141' title='bbox 1300 1581 1383 1639; x_wconf 87' lang='lat' dir='ltr'><strong>Har·</strong></span> <span class='ocrx_word' id='word_1_142' title='bbox 1407 1599 1409 1666; x_wconf 57' lang='lat' dir='ltr'><strong>t</strong></span> 
     </span>
     <span class='ocr_line' id='line_1_17' title="bbox 194 1664 1381 1737; baseline -0.003 -15"><span class='ocrx_word' id='word_1_143' title='bbox 194 1734 195 1737; x_wconf 7' lang='grc' dir='ltr'><strong>Ἴ</strong></span> <span class='ocrx_word' id='word_1_144' title='bbox 289 1666 414 1723; x_wconf 88' lang='lat' dir='ltr'><strong>modium</strong></span> <span class='ocrx_word' id='word_1_145' title='bbox 428 1666 555 1724; x_wconf 83' lang='lat' dir='ltr'><strong>cantabit</strong></span> <span class='ocrx_word' id='word_1_146' title='bbox 566 1683 675 1723; x_wconf 86' lang='lat' dir='ltr'><strong>mecum</strong></span> <span class='ocrx_word' id='word_1_147' title='bbox 689 1665 870 1735; x_wconf 87' lang='lat' dir='ltr'><strong>accumbens,</strong></span> <span class='ocrx_word' id='word_1_148' title='bbox 884 1665 950 1735; x_wconf 89' lang='lat' dir='ltr'><strong>quia</strong></span> <span class='ocrx_word' id='word_1_149' title='bbox 963 1666 1124 1721; x_wconf 81' lang='lat' dir='ltr'><strong>vinolentus</strong></span> <span class='ocrx_word' id='word_1_150' title='bbox 1136 1670 1166 1721; x_wconf 88' lang='lat' dir='ltr'><strong>et</strong></span> <span class='ocrx_word' id='word_1_151' title='bbox 1185 1664 1381 1721; x_wconf 86' lang='lat' dir='ltr'><strong>contumelio-</strong></span> 
     </span>
    </p>
   </div>
   <div class='ocr_carea' id='block_1_4' title="bbox 252 1739 1408 3831">
    <p class='ocr_par' dir='ltr' id='par_1_8' title="bbox 287 1739 1408 2205">
     <span class='ocr_line' id='line_1_18' title="bbox 288 1739 1408 1818; baseline -0.003 -16"><span class='ocrx_word' id='word_1_152' title='bbox 288 1762 336 1802; x_wconf 86' lang='lat' dir='ltr'><strong>sus</strong></span> <span class='ocrx_word' id='word_1_153' title='bbox 348 1745 436 1802; x_wconf 83' lang='lat' dir='ltr'><strong>hono</strong></span> <span class='ocrx_word' id='word_1_154' title='bbox 448 1755 501 1817; x_wconf 88' lang='lat' dir='ltr'><strong>est,</strong></span> <span class='ocrx_word' id='word_1_155' title='bbox 516 1746 564 1818; x_wconf 90' lang='lat' dir='ltr'><strong>qui</strong></span> <span class='ocrx_word' id='word_1_156' title='bbox 576 1747 611 1800; x_wconf 92' lang='lat' dir='ltr'><strong>ad</strong></span> <span class='ocrx_word' id='word_1_157' title='bbox 626 1762 676 1800; x_wconf 86' lang='lat' dir='ltr'><strong>uos</strong></span> <span class='ocrx_word' id='word_1_158' title='bbox 687 1746 819 1802; x_wconf 90' lang='lat' dir='ltr'><strong>omuibus</strong></span> <span class='ocrx_word' id='word_1_159' title='bbox 832 1746 1008 1802; x_wconf 85' lang='lat' dir='ltr'><strong>abundantes</strong></span> <span class='ocrx_word' id='word_1_160' title='bbox 1021 1745 1103 1802; x_wconf 90' lang='lat' dir='ltr'><strong>bonis</strong></span> <span class='ocrx_word' id='word_1_161' title='bbox 1117 1744 1383 1801; x_wconf 83' lang='lat' dir='ltr'><strong>commissabundus</strong></span> <span class='ocrx_word' id='word_1_162' title='bbox 1407 1739 1408 1742; x_wconf 61' lang='grc'>’</span> 
     </span>
     <span class='ocr_line' id='line_1_19' title="bbox 287 1823 1408 1899; baseline -0.003 -17"><span class='ocrx_word' id='word_1_163' title='bbox 287 1826 412 1899; x_wconf 86' lang='lat' dir='ltr'><strong>irruens,</strong></span> <span class='ocrx_word' id='word_1_164' title='bbox 436 1826 531 1883; x_wconf 87' lang='lat' dir='ltr'><strong>omnia</strong></span> <span class='ocrx_word' id='word_1_165' title='bbox 552 1826 634 1881; x_wconf 85' lang='lat' dir='ltr'><strong>uobis</strong></span> <span class='ocrx_word' id='word_1_166' title='bbox 654 1824 753 1881; x_wconf 89' lang='lat' dir='ltr'><strong>intulit</strong></span> <span class='ocrx_word' id='word_1_167' title='bbox 774 1825 859 1895; x_wconf 87' lang='lat' dir='ltr'><strong>mala,</strong></span> <span class='ocrx_word' id='word_1_168' title='bbox 879 1833 1019 1897; x_wconf 86' lang='lat' dir='ltr'><strong>evertens,</strong></span> <span class='ocrx_word' id='word_1_169' title='bbox 1037 1823 1196 1895; x_wconf 83' lang='lat' dir='ltr'><strong>effundens,</strong></span> <span class='ocrx_word' id='word_1_170' title='bbox 1215 1829 1246 1881; x_wconf 87' lang='lat' dir='ltr'><strong>et</strong></span> <span class='ocrx_word' id='word_1_171' title='bbox 1269 1824 1383 1881; x_wconf 75' lang='lat' dir='ltr'><strong>cedens</strong></span> <span class='ocrx_word' id='word_1_172' title='bbox 1407 1885 1408 1892; x_wconf 8' lang='grc' dir='ltr'>χ</span> 
     </span>
     <span class='ocr_line' id='line_1_20' title="bbox 288 1901 1408 1979; baseline -0.001 -16"><span class='ocrx_word' id='word_1_173' title='bbox 288 1906 385 1979; x_wconf 75' lang='lat' dir='ltr'><strong>eliam,</strong></span> <span class='ocrx_word' id='word_1_174' title='bbox 406 1907 515 1965; x_wconf 85' lang='lat' dir='ltr'><strong>tametsi</strong></span> <span class='ocrx_word' id='word_1_175' title='bbox 533 1923 598 1962; x_wconf 86' lang='lat' dir='ltr'><strong>eum</strong></span> <span class='ocrx_word' id='word_1_176' title='bbox 612 1922 688 1977; x_wconf 82' lang='lat' dir='ltr'><strong>saepe</strong></span> <span class='ocrx_word' id='word_1_177' title='bbox 701 1905 887 1962; x_wconf 80' lang='lat' dir='ltr'><strong>lusitabamus</strong></span> <span class='ocrx_word' id='word_1_178' title='bbox 901 1906 1020 1965; x_wconf 77' lang='lat' dir='ltr'><strong>comitor</strong></span> <span class='ocrx_word' id='word_1_179' title='bbox 1032 1905 1075 1963; x_wconf 91' lang='lat' dir='ltr'><strong>his</strong></span> <span class='ocrx_word' id='word_1_180' title='bbox 1088 1906 1201 1962; x_wconf 83' lang='lat' dir='ltr'><strong>verbis:</strong></span> <span class='ocrx_word' id='word_1_181' title='bbox 1222 1903 1317 1976; x_wconf 82' lang='lat' dir='ltr'><strong>Bibe,</strong></span> <span class='ocrx_word' id='word_1_182' title='bbox 1334 1923 1381 1963; x_wconf 87' lang='lat' dir='ltr'><strong>oc·</strong></span> <span class='ocrx_word' id='word_1_183' title='bbox 1407 1901 1408 1972; x_wconf 57' lang='grc' dir='ltr'>ξ</span> 
     </span>
     <span class='ocr_line' id='line_1_21' title="bbox 289 1986 1408 2072; baseline -0.001 -30"><span class='ocrx_word' id='word_1_184' title='bbox 289 1988 400 2062; x_wconf 84' lang='lat' dir='ltr'><strong>cumbe,</strong></span> <span class='ocrx_word' id='word_1_185' title='bbox 420 2006 490 2065; x_wconf 86' lang='lat' dir='ltr'><strong>cape</strong></span> <span class='ocrx_word' id='word_1_186' title='bbox 511 1988 565 2044; x_wconf 87' lang='lat' dir='ltr'><strong>boo</strong></span> <span class='ocrx_word' id='word_1_187' title='bbox 589 1988 724 2045; x_wconf 73' lang='lat' dir='ltr'><strong>amicitior</strong></span> <span class='ocrx_word' id='word_1_188' title='bbox 746 1986 894 2061; x_wconf 81' lang='lat' dir='ltr'><strong>poculum.</strong></span> <span class='ocrx_word' id='word_1_189' title='bbox 937 1987 980 2044; x_wconf 89' lang='lat' dir='ltr'><strong>At</strong></span> <span class='ocrx_word' id='word_1_190' title='bbox 1002 1986 1050 2044; x_wconf 89' lang='lat' dir='ltr'><strong>illc</strong></span> <span class='ocrx_word' id='word_1_191' title='bbox 1068 1986 1161 2042; x_wconf 88' lang='lat' dir='ltr'><strong>multo</strong></span> <span class='ocrx_word' id='word_1_192' title='bbox 1183 1986 1276 2059; x_wconf 79' lang='lat' dir='ltr'><strong>magis</strong></span> <span class='ocrx_word' id='word_1_193' title='bbox 1299 1986 1382 2041; x_wconf 87' lang='lat' dir='ltr'><strong>flam·</strong></span> <span class='ocrx_word' id='word_1_194' title='bbox 1407 2015 1408 2072; x_wconf 70' lang='lat'><strong>,</strong></span> 
     </span>
     <span class='ocr_line' id='line_1_22' title="bbox 288 2066 1408 2148; baseline -0.002 -25"><span class='ocrx_word' id='word_1_195' title='bbox 288 2076 363 2125; x_wconf 82' lang='lat' dir='ltr'><strong>marn</strong></span> <span class='ocrx_word' id='word_1_196' title='bbox 383 2067 551 2128; x_wconf 86' lang='lat' dir='ltr'><strong>admovebat</strong></span> <span class='ocrx_word' id='word_1_197' title='bbox 572 2066 677 2141; x_wconf 85' lang='lat' dir='ltr'><strong>vidicis,</strong></span> <span class='ocrx_word' id='word_1_198' title='bbox 693 2066 916 2141; x_wconf 75' lang='lat' dir='ltr'><strong>effundebantque</strong></span> <span class='ocrx_word' id='word_1_199' title='bbox 937 2073 1067 2125; x_wconf 89' lang='lat' dir='ltr'><strong>nostrum</strong></span> <span class='ocrx_word' id='word_1_200' title='bbox 1084 2066 1181 2123; x_wconf 89' lang='lat' dir='ltr'><strong>viuum</strong></span> <span class='ocrx_word' id='word_1_201' title='bbox 1201 2068 1382 2130; x_wconf 72' lang='lat' dir='ltr'><strong>violentem</strong></span> <span class='ocrx_word' id='word_1_202' title='bbox 1407 2075 1408 2148; x_wconf 63' lang='lat' dir='ltr'><strong>l</strong></span> 
     </span>
     <span class='ocr_line' id='line_1_23' title="bbox 287 2146 1319 2205; baseline 0.003 -2"><span class='ocrx_word' id='word_1_203' title='bbox 287 2146 404 2205; x_wconf 88' lang='lat' dir='ltr'><strong>vilibus.</strong></span> <span class='ocrx_word' id='word_1_204' title='bbox 1314 2172 1319 2187; x_wconf 90' lang='lat'><strong>·</strong></span> 
     </span>
    </p>

    <p class='ocr_par' dir='ltr' id='par_1_9' title="bbox 252 2209 1408 2866">
     <span class='ocr_line' id='line_1_24' title="bbox 328 2209 1408 2301; baseline -0.003 -16"><span class='ocrx_word' id='word_1_205' title='bbox 328 2226 411 2285; x_wconf 89' lang='lat' dir='ltr'><strong>DlC.</strong></span> <span class='ocrx_word' id='word_1_206' title='bbox 433 2224 461 2285; x_wconf 94' lang='grc'>0</span> <span class='ocrx_word' id='word_1_207' title='bbox 483 2225 602 2300; x_wconf 82' lang='lat' dir='ltr'><strong>Veneris</strong></span> <span class='ocrx_word' id='word_1_208' title='bbox 624 2230 763 2301; x_wconf 78' lang='lat' dir='ltr'><strong>venustae,</strong></span> <span class='ocrx_word' id='word_1_209' title='bbox 786 2233 815 2284; x_wconf 87' lang='lat' dir='ltr'><strong>et</strong></span> <span class='ocrx_word' id='word_1_210' title='bbox 839 2228 993 2287; x_wconf 85' lang='lat' dir='ltr'><strong>amicarum</strong></span> <span class='ocrx_word' id='word_1_211' title='bbox 1013 2226 1181 2297; x_wconf 80' lang='lat' dir='ltr'><strong>Gratiarum</strong></span> <span class='ocrx_word' id='word_1_212' title='bbox 1200 2225 1282 2285; x_wconf 83' lang='lat' dir='ltr'><strong>socia</strong></span> <span class='ocrx_word' id='word_1_213' title='bbox 1304 2224 1380 2300; x_wconf 86' lang='lat' dir='ltr'><strong>Pax,</strong></span> <span class='ocrx_word' id='word_1_214' title='bbox 1407 2209 1408 2258; x_wconf 42' lang='grc' dir='ltr'><em>ἕ</em></span> 
     </span>
     <span class='ocr_line' id='line_1_25' title="bbox 288 2269 1408 2384; baseline -0.001 -20"><span class='ocrx_word' id='word_1_215' title='bbox 288 2324 371 2366; x_wconf 86' lang='lat' dir='ltr'><strong>mene</strong></span> <span class='ocrx_word' id='word_1_216' title='bbox 383 2307 538 2384; x_wconf 82' lang='lat' dir='ltr'><strong>ignorasse,</strong></span> <span class='ocrx_word' id='word_1_217' title='bbox 551 2326 644 2380; x_wconf 66' lang='lat' dir='ltr'><strong>ouum</strong></span> <span class='ocrx_word' id='word_1_218' title='bbox 660 2308 780 2382; x_wconf 88' lang='lat' dir='ltr'><strong>pulchra</strong></span> <span class='ocrx_word' id='word_1_219' title='bbox 792 2326 863 2365; x_wconf 85' lang='lat' dir='ltr'><strong>esses</strong></span> <span class='ocrx_word' id='word_1_220' title='bbox 875 2308 970 2373; x_wconf 80' lang='lat' dir='ltr'><strong>faciei</strong></span> <span class='ocrx_word' id='word_1_221' title='bbox 1000 2307 1120 2367; x_wconf 88' lang='lat' dir='ltr'><strong>Utinam</strong></span> <span class='ocrx_word' id='word_1_222' title='bbox 1129 2328 1184 2366; x_wconf 51' lang='lat' dir='ltr'><strong>rme</strong></span> <span class='ocrx_word' id='word_1_223' title='bbox 1197 2315 1228 2365; x_wconf 82' lang='lat' dir='ltr'><strong>et</strong></span> <span class='ocrx_word' id='word_1_224' title='bbox 1240 2316 1273 2364; x_wconf 87' lang='lat' dir='ltr'><strong>te</strong></span> <span class='ocrx_word' id='word_1_225' title='bbox 1286 2325 1381 2383; x_wconf 84' lang='lat' dir='ltr'><strong>copu-</strong></span> <span class='ocrx_word' id='word_1_226' title='bbox 1407 2269 1408 2358; x_wconf 70' lang='lat' dir='ltr'><strong>A</strong></span> 
     </span>
     <span class='ocr_line' id='line_1_26' title="bbox 288 2388 1382 2464; baseline 0.002 -21"><span class='ocrx_word' id='word_1_227' title='bbox 288 2388 330 2445; x_wconf 90' lang='lat' dir='ltr'><strong>let</strong></span> <span class='ocrx_word' id='word_1_228' title='bbox 343 2388 434 2445; x_wconf 88' lang='lat' dir='ltr'><strong>Amor</strong></span> <span class='ocrx_word' id='word_1_229' title='bbox 446 2390 556 2460; x_wconf 89' lang='lat' dir='ltr'><strong>aliquis,</strong></span> <span class='ocrx_word' id='word_1_230' title='bbox 570 2393 725 2446; x_wconf 88' lang='lat' dir='ltr'><strong>coronatus</strong></span> <span class='ocrx_word' id='word_1_231' title='bbox 746 2390 826 2458; x_wconf 90' lang='lat' dir='ltr'><strong>rosis,</strong></span> <span class='ocrx_word' id='word_1_232' title='bbox 837 2396 871 2445; x_wconf 92' lang='lat' dir='ltr'><strong>ut</strong></span> <span class='ocrx_word' id='word_1_233' title='bbox 882 2393 936 2448; x_wconf 85' lang='lat' dir='ltr'><strong>isto</strong></span> <span class='ocrx_word' id='word_1_234' title='bbox 948 2388 1061 2464; x_wconf 81' lang='lat' dir='ltr'><strong>pictus!</strong></span> <span class='ocrx_word' id='word_1_235' title='bbox 1082 2396 1131 2446; x_wconf 82' lang='lat' dir='ltr'><strong>aut</strong></span> <span class='ocrx_word' id='word_1_236' title='bbox 1142 2390 1220 2447; x_wconf 84' lang='lat' dir='ltr'><strong>forto</strong></span> <span class='ocrx_word' id='word_1_237' title='bbox 1233 2391 1324 2461; x_wconf 85' lang='lat' dir='ltr'><strong>putas</strong></span> <span class='ocrx_word' id='word_1_238' title='bbox 1338 2407 1382 2445; x_wconf 79' lang='lat' dir='ltr'><strong>me</strong></span> 
     </span>
     <span class='ocr_line' id='line_1_27' title="bbox 288 2468 1408 2545; baseline 0.002 -22"><span class='ocrx_word' id='word_1_239' title='bbox 288 2468 372 2525; x_wconf 88' lang='lat' dir='ltr'><strong>nimis</strong></span> <span class='ocrx_word' id='word_1_240' title='bbox 384 2486 442 2525; x_wconf 84' lang='lat' dir='ltr'><strong>esse</strong></span> <span class='ocrx_word' id='word_1_241' title='bbox 455 2484 547 2525; x_wconf 84' lang='lat' dir='ltr'><strong>senem</strong></span> <span class='ocrx_word' id='word_1_242' title='bbox 559 2468 569 2524; x_wconf 79' lang='grc' dir='ltr'><em>Ξ</em></span> <span class='ocrx_word' id='word_1_243' title='bbox 582 2469 630 2525; x_wconf 85' lang='lat' dir='ltr'><strong>sed</strong></span> <span class='ocrx_word' id='word_1_244' title='bbox 639 2470 662 2524; x_wconf 88' lang='lat' dir='ltr'><strong>si</strong></span> <span class='ocrx_word' id='word_1_245' title='bbox 671 2472 700 2523; x_wconf 84' lang='lat' dir='ltr'><strong>te</strong></span> <span class='ocrx_word' id='word_1_246' title='bbox 710 2468 997 2545; x_wconf 86' lang='lat' dir='ltr'><strong>prebendam,&#39;videor</strong></span> <span class='ocrx_word' id='word_1_247' title='bbox 1010 2471 1077 2527; x_wconf 90' lang='lat' dir='ltr'><strong>mihi</strong></span> <span class='ocrx_word' id='word_1_248' title='bbox 1092 2471 1182 2526; x_wconf 78' lang='lat' dir='ltr'><strong>adbuc</strong></span> <span class='ocrx_word' id='word_1_249' title='bbox 1195 2470 1251 2525; x_wconf 90' lang='lat' dir='ltr'><strong>tria</strong></span> <span class='ocrx_word' id='word_1_250' title='bbox 1262 2469 1320 2527; x_wconf 88' lang='lat' dir='ltr'><strong>tibi</strong></span> <span class='ocrx_word' id='word_1_251' title='bbox 1328 2486 1380 2543; x_wconf 79' lang='lat' dir='ltr'><strong>ap·</strong></span> <span class='ocrx_word' id='word_1_252' title='bbox 1407 2485 1408 2542; x_wconf 62' lang='lat' dir='ltr'><strong>t</strong></span> 
     </span>
     <span class='ocr_line' id='line_1_28' title="bbox 252 2548 1408 2624; baseline 0.004 -22"><span class='ocrx_word' id='word_1_253' title='bbox 252 2610 254 2613; x_wconf 23' lang='lat'>¹</span> <span class='ocrx_word' id='word_1_254' title='bbox 288 2548 444 2622; x_wconf 88' lang='lat' dir='ltr'><strong>plicaturus</strong></span> <span class='ocrx_word' id='word_1_255' title='bbox 459 2550 624 2606; x_wconf 86' lang='lat' dir='ltr'><strong>commoda:</strong></span> <span class='ocrx_word' id='word_1_256' title='bbox 642 2548 857 2621; x_wconf 89' lang='lat' dir='ltr'><strong>primoquidem</strong></span> <span class='ocrx_word' id='word_1_257' title='bbox 868 2552 970 2609; x_wconf 90' lang='lat' dir='ltr'><strong>ducam</strong></span> <span class='ocrx_word' id='word_1_258' title='bbox 981 2551 1104 2609; x_wconf 77' lang='lat' dir='ltr'><strong>viticulae</strong></span> <span class='ocrx_word' id='word_1_259' title='bbox 1118 2553 1233 2624; x_wconf 83' lang='lat' dir='ltr'><strong>longum</strong></span> <span class='ocrx_word' id='word_1_260' title='bbox 1247 2550 1380 2618; x_wconf 67' lang='lat' dir='ltr'><strong>sulcum</strong></span> <span class='ocrx_word' id='word_1_261' title='bbox 1407 2551 1408 2558; x_wconf 74' lang='grc'>’</span> 
     </span>
     <span class='ocr_line' id='line_1_29' title="bbox 288 2624 1408 2705; baseline 0.001 -20"><span class='ocrx_word' id='word_1_262' title='bbox 288 2629 390 2687; x_wconf 84' lang='lat' dir='ltr'><strong>deiude</strong></span> <span class='ocrx_word' id='word_1_263' title='bbox 399 2628 483 2702; x_wconf 86' lang='lat' dir='ltr'><strong>juxta</strong></span> <span class='ocrx_word' id='word_1_264' title='bbox 496 2629 574 2687; x_wconf 90' lang='lat' dir='ltr'><strong>huno</strong></span> <span class='ocrx_word' id='word_1_265' title='bbox 586 2624 689 2686; x_wconf 50' lang='lat' dir='ltr'><strong>&#39;tenera</strong></span> <span class='ocrx_word' id='word_1_266' title='bbox 700 2632 826 2705; x_wconf 82' lang='lat' dir='ltr'><strong>germina</strong></span> <span class='ocrx_word' id='word_1_267' title='bbox 845 2630 961 2704; x_wconf 83' lang='lat' dir='ltr'><strong>ficuum,</strong></span> <span class='ocrx_word' id='word_1_268' title='bbox 974 2642 1005 2690; x_wconf 85' lang='lat' dir='ltr'><strong>et</strong></span> <span class='ocrx_word' id='word_1_269' title='bbox 1018 2633 1103 2688; x_wconf 88' lang='lat' dir='ltr'><strong>tertio</strong></span> <span class='ocrx_word' id='word_1_270' title='bbox 1116 2633 1183 2688; x_wconf 93' lang='lat' dir='ltr'><strong>loco</strong></span> <span class='ocrx_word' id='word_1_271' title='bbox 1196 2629 1264 2687; x_wconf 87' lang='lat' dir='ltr'><strong>vitis</strong></span> <span class='ocrx_word' id='word_1_272' title='bbox 1278 2633 1380 2703; x_wconf 82' lang='lat' dir='ltr'><strong>palmi·</strong></span> <span class='ocrx_word' id='word_1_273' title='bbox 1407 2675 1408 2696; x_wconf 47' lang='lat'>2</span> 
     </span>
     <span class='ocr_line' id='line_1_30' title="bbox 286 2699 1408 2789; baseline -0.001 -22"><span class='ocrx_word' id='word_1_274' title='bbox 286 2715 344 2767; x_wconf 86' lang='lat' dir='ltr'><strong>tom</strong></span> <span class='ocrx_word' id='word_1_275' title='bbox 360 2710 556 2783; x_wconf 73' lang='lat' dir='ltr'><strong>plantabatur</strong></span> <span class='ocrx_word' id='word_1_276' title='bbox 567 2720 621 2785; x_wconf 82' lang='lat' dir='ltr'><strong>ego</strong></span> <span class='ocrx_word' id='word_1_277' title='bbox 634 2728 731 2783; x_wconf 85' lang='lat' dir='ltr'><strong>senex,</strong></span> <span class='ocrx_word' id='word_1_278' title='bbox 746 2716 776 2767; x_wconf 87' lang='lat' dir='ltr'><strong>et</strong></span> <span class='ocrx_word' id='word_1_279' title='bbox 795 2711 870 2770; x_wconf 85' lang='lat' dir='ltr'><strong>circa</strong></span> <span class='ocrx_word' id='word_1_280' title='bbox 890 2712 1029 2789; x_wconf 78' lang='lat' dir='ltr'><strong>predium</strong></span> <span class='ocrx_word' id='word_1_281' title='bbox 1041 2729 1125 2769; x_wconf 85' lang='lat' dir='ltr'><strong>omne</strong></span> <span class='ocrx_word' id='word_1_282' title='bbox 1136 2727 1227 2771; x_wconf 87' lang='lat' dir='ltr'><strong>seram</strong></span> <span class='ocrx_word' id='word_1_283' title='bbox 1240 2711 1336 2787; x_wconf 86' lang='lat' dir='ltr'><strong>oleas,</strong></span> <span class='ocrx_word' id='word_1_284' title='bbox 1349 2716 1380 2768; x_wconf 90' lang='lat' dir='ltr'><strong>ut</strong></span> <span class='ocrx_word' id='word_1_285' title='bbox 1407 2699 1408 2766; x_wconf 65' lang='lat' dir='ltr'><strong>i</strong></span> 
     </span>
     <span class='ocr_line' id='line_1_31' title="bbox 287 2788 1408 2866; baseline 0.001 -17"><span class='ocrx_word' id='word_1_286' title='bbox 287 2790 373 2849; x_wconf 90' lang='lat' dir='ltr'><strong>ambo</strong></span> <span class='ocrx_word' id='word_1_287' title='bbox 386 2808 525 2866; x_wconf 82' lang='lat' dir='ltr'><strong>ungamur</strong></span> <span class='ocrx_word' id='word_1_288' title='bbox 538 2793 601 2849; x_wconf 91' lang='lat' dir='ltr'><strong>oleo</strong></span> <span class='ocrx_word' id='word_1_289' title='bbox 614 2788 693 2847; x_wconf 81' lang='lat' dir='ltr'><strong>lestis</strong></span> <span class='ocrx_word' id='word_1_290' title='bbox 704 2790 863 2849; x_wconf 88' lang='lat' dir='ltr'><strong>noviluniis.</strong></span> <span class='ocrx_word' id='word_1_291' title='bbox 1021 2834 1025 2837; x_wconf 82' lang='lat'><em>-</em></span> <span class='ocrx_word' id='word_1_292' title='bbox 1290 2861 1292 2864; x_wconf 22' lang='lat'>¹</span> <span class='ocrx_word' id='word_1_293' title='bbox 1407 2809 1408 2814; x_wconf 51' lang='lat'>¹</span> 
     </span>
    </p>

    <p class='ocr_par' dir='ltr' id='par_1_10' title="bbox 289 2868 1408 3029">
     <span class='ocr_line' id='line_1_32' title="bbox 328 2868 1408 2948; baseline 0.001 -20"><span class='ocrx_word' id='word_1_294' title='bbox 328 2868 461 2931; x_wconf 83' lang='lat' dir='ltr'><strong>PRAEC.</strong></span> <span class='ocrx_word' id='word_1_295' title='bbox 481 2869 586 2930; x_wconf 85' lang='lat' dir='ltr'><strong>Audite</strong></span> <span class='ocrx_word' id='word_1_296' title='bbox 609 2872 721 2945; x_wconf 83' lang='lat' dir='ltr'><strong>populi.</strong></span> <span class='ocrx_word' id='word_1_297' title='bbox 761 2870 849 2931; x_wconf 90' lang='lat' dir='ltr'><strong>More</strong></span> <span class='ocrx_word' id='word_1_298' title='bbox 870 2874 965 2948; x_wconf 89' lang='lat' dir='ltr'><strong>patrio</strong></span> <span class='ocrx_word' id='word_1_299' title='bbox 989 2873 1095 2948; x_wconf 78' lang='lat' dir='ltr'><strong>congiis</strong></span> <span class='ocrx_word' id='word_1_300' title='bbox 1115 2876 1218 2947; x_wconf 82' lang='lat' dir='ltr'><strong>potate</strong></span> <span class='ocrx_word' id='word_1_301' title='bbox 1237 2873 1277 2931; x_wconf 87' lang='lat' dir='ltr'><strong>ad</strong></span> <span class='ocrx_word' id='word_1_302' title='bbox 1301 2872 1378 2929; x_wconf 81' lang='lat' dir='ltr'><strong>tuba</strong></span> <span class='ocrx_word' id='word_1_303' title='bbox 1407 2933 1408 2940; x_wconf 36' lang='lat'><strong>,</strong></span> 
     </span>
     <span class='ocr_line' id='line_1_33' title="bbox 289 2950 1380 3029; baseline 0.003 -22"><span class='ocrx_word' id='word_1_304' title='bbox 289 2955 450 3028; x_wconf 84' lang='lat' dir='ltr'><strong>clangorem</strong></span> <span class='ocrx_word' id='word_1_305' title='bbox 464 2971 472 3011; x_wconf 75' lang='grc' dir='ltr'><strong>ε</strong></span> <span class='ocrx_word' id='word_1_306' title='bbox 495 2952 545 3026; x_wconf 89' lang='lat' dir='ltr'><strong>qui</strong></span> <span class='ocrx_word' id='word_1_307' title='bbox 557 2950 826 3011; x_wconf 85' lang='lat' dir='ltr'><strong>auteur&#39;exhauserit</strong></span> <span class='ocrx_word' id='word_1_308' title='bbox 848 2956 967 3029; x_wconf 87' lang='lat' dir='ltr'><strong>primus,</strong></span> <span class='ocrx_word' id='word_1_309' title='bbox 982 2961 1075 3012; x_wconf 87' lang='lat' dir='ltr'><strong>utrem</strong></span> <span class='ocrx_word' id='word_1_310' title='bbox 1089 2952 1292 3029; x_wconf 82' lang='lat' dir='ltr'><strong>Ctesiphontis</strong></span> <span class='ocrx_word' id='word_1_311' title='bbox 1306 2955 1380 3011; x_wconf 84' lang='lat' dir='ltr'><strong>acei-</strong></span> 
     </span>
    </p>

    <p class='ocr_par' dir='ltr' id='par_1_11' title="bbox 286 3031 1380 3429">
     <span class='ocr_line' id='line_1_34' title="bbox 310 3031 431 3091; baseline 0.017 -2"><span class='ocrx_word' id='word_1_312' title='bbox 310 3033 360 3091; x_wconf 82' lang='lat' dir='ltr'><strong>iet.</strong></span> <span class='ocrx_word' id='word_1_313' title='bbox 429 3031 431 3039; x_wconf 70' lang='grc'>’</span> 
     </span>
     <span class='ocr_line' id='line_1_35' title="bbox 287 3052 1379 3190; baseline -0.002 -20"><span class='ocrx_word' id='word_1_314' title='bbox 287 3052 308 3109; x_wconf 72' lang='lat' dir='ltr'><strong>p</strong></span> <span class='ocrx_word' id='word_1_315' title='bbox 330 3111 409 3171; x_wconf 85' lang='lat' dir='ltr'><strong>mc.</strong></span> <span class='ocrx_word' id='word_1_316' title='bbox 432 3111 460 3171; x_wconf 94' lang='lat'>0</span> <span class='ocrx_word' id='word_1_317' title='bbox 484 3113 576 3188; x_wconf 88' lang='lat' dir='ltr'><strong>pueri,</strong></span> <span class='ocrx_word' id='word_1_318' title='bbox 595 3110 613 3169; x_wconf 85' lang='grc' dir='ltr'><strong>ὃ</strong></span> <span class='ocrx_word' id='word_1_319' title='bbox 635 3114 777 3185; x_wconf 84' lang='lat' dir='ltr'><strong>mulieres,</strong></span> <span class='ocrx_word' id='word_1_320' title='bbox 795 3132 892 3173; x_wconf 90' lang='lat' dir='ltr'><strong>noune</strong></span> <span class='ocrx_word' id='word_1_321' title='bbox 913 3112 1081 3173; x_wconf 84' lang='lat' dir='ltr'><strong>audivistis?</strong></span> <span class='ocrx_word' id='word_1_322' title='bbox 1102 3116 1172 3186; x_wconf 91' lang='lat' dir='ltr'><strong>quid</strong></span> <span class='ocrx_word' id='word_1_323' title='bbox 1185 3114 1298 3190; x_wconf 84' lang='lat' dir='ltr'><strong>agitis?</strong></span> <span class='ocrx_word' id='word_1_324' title='bbox 1321 3131 1379 3170; x_wconf 86' lang='lat' dir='ltr'><strong>nou</strong></span> 
     </span>
     <span class='ocr_line' id='line_1_36' title="bbox 287 3192 1380 3272; baseline -0.001 -21"><span class='ocrx_word' id='word_1_325' title='bbox 287 3195 451 3253; x_wconf 85' lang='lat' dir='ltr'><strong>auscultatis</strong></span> <span class='ocrx_word' id='word_1_326' title='bbox 471 3195 596 3267; x_wconf 76' lang='lat' dir='ltr'><strong>praeoni</strong></span> <span class='ocrx_word' id='word_1_327' title='bbox 609 3192 630 3272; x_wconf 49' lang='grc' dir='ltr'><strong>ἓΚ</strong></span> <span class='ocrx_word' id='word_1_328' title='bbox 649 3192 746 3252; x_wconf 81' lang='lat' dir='ltr'><strong>Elixos</strong></span> <span class='ocrx_word' id='word_1_329' title='bbox 759 3194 856 3270; x_wconf 82' lang='lat' dir='ltr'><strong>facile,</strong></span> <span class='ocrx_word' id='word_1_330' title='bbox 872 3202 992 3271; x_wconf 82' lang='lat' dir='ltr'><strong>torrete,</strong></span> <span class='ocrx_word' id='word_1_331' title='bbox 1007 3202 1118 3255; x_wconf 85' lang='lat' dir='ltr'><strong>versate</strong></span> <span class='ocrx_word' id='word_1_332' title='bbox 1140 3197 1169 3253; x_wconf 88' lang='lat' dir='ltr'><strong>iu</strong></span> <span class='ocrx_word' id='word_1_333' title='bbox 1190 3196 1270 3271; x_wconf 81' lang='lat' dir='ltr'><strong>igue,</strong></span> <span class='ocrx_word' id='word_1_334' title='bbox 1286 3194 1380 3252; x_wconf 82' lang='lat' dir='ltr'><strong>detra·</strong></span> 
     </span>
     <span class='ocr_line' id='line_1_37' title="bbox 286 3274 1379 3349; baseline 0.001 -20"><span class='ocrx_word' id='word_1_335' title='bbox 286 3274 348 3331; x_wconf 81' lang='lat' dir='ltr'><strong>luite</strong></span> <span class='ocrx_word' id='word_1_336' title='bbox 360 3293 378 3332; x_wconf 92' lang='lat' dir='ltr'><strong>a</strong></span> <span class='ocrx_word' id='word_1_337' title='bbox 389 3275 510 3331; x_wconf 87' lang='lat' dir='ltr'><strong>verubus</strong></span> <span class='ocrx_word' id='word_1_338' title='bbox 530 3293 628 3333; x_wconf 86' lang='lat' dir='ltr'><strong>carues</strong></span> <span class='ocrx_word' id='word_1_339' title='bbox 648 3276 813 3349; x_wconf 78' lang='lat' dir='ltr'><strong>leporinus:</strong></span> <span class='ocrx_word' id='word_1_340' title='bbox 836 3276 917 3337; x_wconf 88' lang='lat' dir='ltr'><strong>ocius</strong></span> <span class='ocrx_word' id='word_1_341' title='bbox 931 3282 1054 3338; x_wconf 87' lang='lat' dir='ltr'><strong>corollas</strong></span> <span class='ocrx_word' id='word_1_342' title='bbox 1068 3279 1193 3341; x_wconf 80' lang='lat' dir='ltr'><strong>nectito:</strong></span> <span class='ocrx_word' id='word_1_343' title='bbox 1216 3276 1293 3337; x_wconf 82' lang='lat' dir='ltr'><strong>cedo</strong></span> <span class='ocrx_word' id='word_1_344' title='bbox 1307 3275 1379 3333; x_wconf 89' lang='lat' dir='ltr'><strong>veri·</strong></span> 
     </span>
     <span class='ocr_line' id='line_1_38' title="bbox 290 3353 990 3429; baseline 0.003 -18"><span class='ocrx_word' id='word_1_345' title='bbox 290 3355 363 3424; x_wconf 84' lang='lat' dir='ltr'><strong>cula,</strong></span> <span class='ocrx_word' id='word_1_346' title='bbox 379 3361 412 3411; x_wconf 93' lang='lat' dir='ltr'><strong>ut</strong></span> <span class='ocrx_word' id='word_1_347' title='bbox 425 3353 508 3429; x_wconf 83' lang='lat' dir='ltr'><strong>figam</strong></span> <span class='ocrx_word' id='word_1_348' title='bbox 521 3356 630 3412; x_wconf 80' lang='lat' dir='ltr'><strong>turdos.</strong></span> <span class='ocrx_word' id='word_1_349' title='bbox 677 3380 682 3384; x_wconf 89' lang='lat'>·</span> <span class='ocrx_word' id='word_1_350' title='bbox 987 3356 990 3361; x_wconf 73' lang='grc'><strong>’</strong></span> 
     </span>
    </p>

    <p class='ocr_par' dir='ltr' id='par_1_12' title="bbox 286 3432 1378 3594">
     <span class='ocr_line' id='line_1_39' title="bbox 329 3432 1378 3515; baseline -0.001 -22"><span class='ocrx_word' id='word_1_351' title='bbox 329 3434 450 3494; x_wconf 82' lang='lat' dir='ltr'><strong>CHOR.</strong></span> <span class='ocrx_word' id='word_1_352' title='bbox 473 3432 572 3505; x_wconf 78' lang='lat' dir='ltr'><strong>Laudo</strong></span> <span class='ocrx_word' id='word_1_353' title='bbox 585 3436 716 3493; x_wconf 83' lang='lat' dir='ltr'><strong>fortunas</strong></span> <span class='ocrx_word' id='word_1_354' title='bbox 731 3441 804 3510; x_wconf 87' lang='lat' dir='ltr'><strong>tuns,</strong></span> <span class='ocrx_word' id='word_1_355' title='bbox 826 3438 866 3496; x_wconf 94' lang='lat' dir='ltr'><strong>ob</strong></span> <span class='ocrx_word' id='word_1_356' title='bbox 885 3456 958 3511; x_wconf 83' lang='lat' dir='ltr'><strong>eam,</strong></span> <span class='ocrx_word' id='word_1_357' title='bbox 979 3458 1034 3513; x_wconf 83' lang='lat' dir='ltr'><strong>qua</strong></span> <span class='ocrx_word' id='word_1_358' title='bbox 1054 3440 1158 3515; x_wconf 82' lang='lat' dir='ltr'><strong>polles,</strong></span> <span class='ocrx_word' id='word_1_359' title='bbox 1179 3435 1378 3513; x_wconf 80' lang='lat' dir='ltr'><strong>prudentiam,</strong></span> 
     </span>
     <span class='ocr_line' id='line_1_40' title="bbox 286 3515 1041 3594; baseline 0.005 -21"><span class='ocrx_word' id='word_1_360' title='bbox 286 3517 434 3588; x_wconf 88' lang='lat' dir='ltr'><strong>multoque</strong></span> <span class='ocrx_word' id='word_1_361' title='bbox 445 3516 542 3589; x_wconf 83' lang='lat' dir='ltr'><strong>magis,</strong></span> <span class='ocrx_word' id='word_1_362' title='bbox 555 3516 593 3571; x_wconf 92' lang='lat' dir='ltr'><strong>mi</strong></span> <span class='ocrx_word' id='word_1_363' title='bbox 606 3515 703 3589; x_wconf 89' lang='lat' dir='ltr'><strong>homo,</strong></span> <span class='ocrx_word' id='word_1_364' title='bbox 717 3518 757 3573; x_wconf 92' lang='lat' dir='ltr'><strong>ob</strong></span> <span class='ocrx_word' id='word_1_365' title='bbox 769 3524 920 3591; x_wconf 85' lang='lat' dir='ltr'><strong>praeseutes</strong></span> <span class='ocrx_word' id='word_1_366' title='bbox 931 3524 1041 3594; x_wconf 84' lang='lat' dir='ltr'><strong>epulas.</strong></span> 
     </span>
    </p>

    <p class='ocr_par' dir='ltr' id='par_1_13' title="bbox 327 3594 1360 3676">
     <span class='ocr_line' id='line_1_41' title="bbox 327 3594 1360 3676; baseline 0.001 -23"><span class='ocrx_word' id='word_1_367' title='bbox 327 3594 407 3655; x_wconf 87' lang='lat' dir='ltr'><strong>DIC.</strong></span> <span class='ocrx_word' id='word_1_368' title='bbox 429 3594 506 3663; x_wconf 83' lang='lat' dir='ltr'><strong>Quid</strong></span> <span class='ocrx_word' id='word_1_369' title='bbox 520 3615 589 3671; x_wconf 76' lang='lat' dir='ltr'><strong>ergo</strong></span> <span class='ocrx_word' id='word_1_370' title='bbox 601 3596 711 3668; x_wconf 74' lang='lat' dir='ltr'><strong>dicetis,</strong></span> <span class='ocrx_word' id='word_1_371' title='bbox 725 3600 841 3669; x_wconf 89' lang='lat' dir='ltr'><strong>quando</strong></span> <span class='ocrx_word' id='word_1_372' title='bbox 855 3600 984 3661; x_wconf 86' lang='lat' dir='ltr'><strong>videbitis</strong></span> <span class='ocrx_word' id='word_1_373' title='bbox 994 3601 1104 3676; x_wconf 88' lang='lat' dir='ltr'><strong>turdos,</strong></span> <span class='ocrx_word' id='word_1_374' title='bbox 1118 3604 1153 3658; x_wconf 91' lang='lat' dir='ltr'><strong>ut</strong></span> <span class='ocrx_word' id='word_1_375' title='bbox 1164 3594 1360 3660; x_wconf 67' lang='lat' dir='ltr'><strong>assabantur?</strong></span> 
     </span>
    </p>

    <p class='ocr_par' dir='ltr' id='par_1_14' title="bbox 326 3673 965 3739">
     <span class='ocr_line' id='line_1_42' title="bbox 326 3673 965 3739; baseline 0.009 -6"><span class='ocrx_word' id='word_1_376' title='bbox 326 3673 452 3735; x_wconf 86' lang='lat' dir='ltr'><strong>CHOR.</strong></span> <span class='ocrx_word' id='word_1_377' title='bbox 476 3676 609 3734; x_wconf 85' lang='lat' dir='ltr'><strong>Arbitror</strong></span> <span class='ocrx_word' id='word_1_378' title='bbox 623 3684 653 3735; x_wconf 91' lang='lat' dir='ltr'><strong>et</strong></span> <span class='ocrx_word' id='word_1_379' title='bbox 665 3677 721 3735; x_wconf 90' lang='lat' dir='ltr'><strong>hoo</strong></span> <span class='ocrx_word' id='word_1_380' title='bbox 731 3686 758 3734; x_wconf 84' lang='lat' dir='ltr'><strong>te</strong></span> <span class='ocrx_word' id='word_1_381' title='bbox 768 3687 846 3737; x_wconf 82' lang='lat' dir='ltr'><strong>recte</strong></span> <span class='ocrx_word' id='word_1_382' title='bbox 858 3680 965 3739; x_wconf 89' lang='lat' dir='ltr'><strong>dicore.</strong></span> 
     </span>
    </p>

    <p class='ocr_par' dir='ltr' id='par_1_15' title="bbox 326 3755 777 3831">
     <span class='ocr_line' id='line_1_43' title="bbox 326 3755 777 3831; baseline 0.002 -16"><span class='ocrx_word' id='word_1_383' title='bbox 326 3756 405 3816; x_wconf 84' lang='lat' dir='ltr'><strong>Dic.</strong></span> <span class='ocrx_word' id='word_1_384' title='bbox 427 3755 543 3815; x_wconf 79' lang='lat' dir='ltr'><strong>Sarcuo</strong></span> <span class='ocrx_word' id='word_1_385' title='bbox 557 3759 661 3815; x_wconf 83' lang='lat' dir='ltr'><strong>suscita</strong></span> <span class='ocrx_word' id='word_1_386' title='bbox 674 3757 777 3831; x_wconf 81' lang='lat' dir='ltr'><strong>iguem.</strong></span> 
     </span>
    </p>
   </div>
   <div class='ocr_carea' id='block_1_5' title="bbox 287 3835 1375 3994">
    <p class='ocr_par' dir='ltr' id='par_1_16' title="bbox 287 3835 1375 3994">
     <span class='ocr_line' id='line_1_44' title="bbox 326 3835 1375 3921; baseline 0.001 -26"><span class='ocrx_word' id='word_1_387' title='bbox 326 3835 451 3903; x_wconf 85' lang='lat' dir='ltr'><strong>CHOR.</strong></span> <span class='ocrx_word' id='word_1_388' title='bbox 474 3838 633 3913; x_wconf 77' lang='lat' dir='ltr'><strong>Audistine,</strong></span> <span class='ocrx_word' id='word_1_389' title='bbox 648 3843 681 3894; x_wconf 88' lang='lat' dir='ltr'><strong>ut</strong></span> <span class='ocrx_word' id='word_1_390' title='bbox 701 3858 782 3899; x_wconf 81' lang='lat' dir='ltr'><strong>more</strong></span> <span class='ocrx_word' id='word_1_391' title='bbox 801 3842 935 3916; x_wconf 73' lang='lat' dir='ltr'><strong>counitio,</strong></span> <span class='ocrx_word' id='word_1_392' title='bbox 947 3844 1074 3921; x_wconf 82' lang='lat' dir='ltr'><strong>sciteque</strong></span> <span class='ocrx_word' id='word_1_393' title='bbox 1093 3847 1123 3904; x_wconf 85' lang='lat' dir='ltr'><strong>ot</strong></span> <span class='ocrx_word' id='word_1_394' title='bbox 1142 3840 1304 3903; x_wconf 84' lang='lat' dir='ltr'><strong>coeuatorie</strong></span> <span class='ocrx_word' id='word_1_395' title='bbox 1322 3839 1375 3900; x_wconf 85' lang='lat' dir='ltr'><strong>sibi</strong></span> 
     </span>
     <span class='ocr_line' id='line_1_45' title="bbox 287 3918 717 3994; baseline 0.009 -21"><span class='ocrx_word' id='word_1_396' title='bbox 287 3921 381 3979; x_wconf 88' lang='lat' dir='ltr'><strong>omnia</strong></span> <span class='ocrx_word' id='word_1_397' title='bbox 393 3918 582 3977; x_wconf 81' lang='lat' dir='ltr'><strong>administrari</strong></span> <span class='ocrx_word' id='word_1_398' title='bbox 595 3918 717 3994; x_wconf 82' lang='lat' dir='ltr'><strong>jubeat?</strong></span> 
     </span>
    </p>
   </div>
   <div class='ocr_carea' id='block_1_6' title="bbox 324 3996 844 4225">
    <p class='ocr_par' dir='ltr' id='par_1_17' title="bbox 324 3996 844 4225">
     <span class='ocr_line' id='line_1_46' title="bbox 326 3996 832 4057; baseline 0.004 -4"><span class='ocrx_word' id='word_1_399' title='bbox 326 3996 394 4056; x_wconf 89' lang='lat' dir='ltr'><strong>AG.</strong></span> <span class='ocrx_word' id='word_1_400' title='bbox 415 3997 470 4057; x_wconf 88' lang='lat' dir='ltr'><strong>Hei</strong></span> <span class='ocrx_word' id='word_1_401' title='bbox 483 4000 549 4056; x_wconf 88' lang='lat' dir='ltr'><strong>mihi</strong></span> <span class='ocrx_word' id='word_1_402' title='bbox 563 3997 683 4057; x_wconf 80' lang='lat' dir='ltr'><strong>misero!</strong></span> <span class='ocrx_word' id='word_1_403' title='bbox 828 4050 832 4055; x_wconf 89' lang='lat'>.</span> 
     </span>
     <span class='ocr_line' id='line_1_47' title="bbox 324 4074 826 4152; baseline 0.002 -18"><span class='ocrx_word' id='word_1_404' title='bbox 324 4074 405 4135; x_wconf 83' lang='lat' dir='ltr'><strong>DlC.</strong></span> <span class='ocrx_word' id='word_1_405' title='bbox 426 4077 484 4137; x_wconf 92' lang='lat' dir='ltr'><strong>Pro</strong></span> <span class='ocrx_word' id='word_1_406' title='bbox 499 4078 653 4138; x_wconf 81' lang='lat' dir='ltr'><strong>Herculea!</strong></span> <span class='ocrx_word' id='word_1_407' title='bbox 677 4081 737 4152; x_wconf 91' lang='lat' dir='ltr'><strong>quis</strong></span> <span class='ocrx_word' id='word_1_408' title='bbox 750 4078 826 4143; x_wconf 72' lang='lat' dir='ltr'><strong>iste?</strong></span> 
     </span>
     <span class='ocr_line' id='line_1_48' title="bbox 324 4154 844 4225; baseline 0.006 -10"><span class='ocrx_word' id='word_1_409' title='bbox 324 4154 395 4215; x_wconf 83' lang='lat' dir='ltr'><strong>AG.</strong></span> <span class='ocrx_word' id='word_1_410' title='bbox 418 4158 513 4219; x_wconf 88' lang='lat' dir='ltr'><strong>Hovno</strong></span> <span class='ocrx_word' id='word_1_411' title='bbox 526 4162 731 4225; x_wconf 78' lang='lat' dir='ltr'><strong>infortunatus.</strong></span> <span class='ocrx_word' id='word_1_412' title='bbox 841 4204 844 4212; x_wconf 70' lang='grc'><strong><em>,</em></strong></span> 
     </span>
    </p>
   </div>
   <div class='ocr_carea' id='block_1_7' title="bbox 231 4236 967 4343">
    <p class='ocr_par' dir='ltr' id='par_1_18' title="bbox 231 4236 967 4343">
     <span class='ocr_line' id='line_1_49' title="bbox 231 4236 967 4343; baseline 0.011 -48"><span class='ocrx_word' id='word_1_413' title='bbox 231 4321 248 4343; x_wconf 36' lang='lat' dir='ltr'><em>a</em></span> <span class='ocrx_word' id='word_1_414' title='bbox 325 4236 407 4300; x_wconf 86' lang='lat' dir='ltr'><strong>ch.</strong></span> <span class='ocrx_word' id='word_1_415' title='bbox 430 4238 578 4323; x_wconf 74' lang='lat' dir='ltr'><strong>Ergoquo</strong></span> <span class='ocrx_word' id='word_1_416' title='bbox 591 4241 739 4318; x_wconf 86' lang='lat' dir='ltr'><strong>occepisti,</strong></span> <span class='ocrx_word' id='word_1_417' title='bbox 755 4259 841 4319; x_wconf 81' lang='lat' dir='ltr'><strong>pergo</strong></span> <span class='ocrx_word' id='word_1_418' title='bbox 855 4244 903 4301; x_wconf 90' lang='lat' dir='ltr'><strong>tua</strong></span> <span class='ocrx_word' id='word_1_419' title='bbox 913 4241 967 4303; x_wconf 82' lang='lat' dir='ltr'><strong>via.</strong></span> 
     </span>
    </p>
   </div>
   <div class='ocr_carea' id='block_1_8' title="bbox 0 0 1446 4984">
    <p class='ocr_par' dir='ltr' id='par_1_19' title="bbox 0 0 1446 4984">
     <span class='ocr_line' id='line_1_50' title="bbox 0 0 1446 4984; baseline 0 0"><span class='ocrx_word' id='word_1_420' title='bbox 0 0 1446 4984; x_wconf 95' lang='lat' dir='ltr'><strong> </strong></span> 
     </span>
    </p>
   </div>
  </div>
 </body>
</html>
