2875 4984
416 360 820 429 ACHARNENSES.
1122 378 1183 437 295

115 521 238 587 trinu.
259 524 331 587 Hac
349 526 463 602 quidem
484 544 621 603 prospere
641 531 793 587 cesserunt.
834 523 976 603 Mercuri,
988 528 1062 589 lucri
1082 531 1178 615 (lator,

61 620 196 679 aenne,
211 613 243 666 ut
255 628 374 669 uxorem
389 628 478 667 mean:
492 611 534 667 sic
547 609 678 685 rendam,
692 625 838 682 meamque
850 610 939 684 ipsius
951 617 1078 672 matrem.

116 686 220 747 SYC.
242 690 321 749 Heus
334 698 376 763 tn,
391 688 536 765 cujates?

116 766 236 829 MEG.
258 771 428 830 Porculator
441 770 615 845 Megaricus.

114 847 218 908 SYC.
240 850 366 912 Proinde
376 854 520 927 porcellos
532 851 614 925 istos,
626 858 711 926 teque
724 852 815 927 ipsum
827 850 966 929 deferam,
981 858 1113 929 tanquam
1126 858 1180 919 ho·

58 928 178 988 stilos.

117 1008 238 1071 Meu.
261 1012 335 1072 Eece
357 1014 460 1073 iterum
483 1014 540 1073 hec
562 1016 656 1091 ipsum
679 1014 764 1088 redit,
785 1014 862 1073 uude
880 1016 964 1073 nobis
982 1022 1116 1077 exortum
1135 1024 1180 1079 est

60 1091 263 1165 principium
277 1096 428 1167 malorum.

117 1168 217 1308 SY20.
238 1174 312 1233 Cum
326 1194 428 1252 magno
442 1183 495 1235 tuo
508 1179 584 1237 malo
598 1176 839 1251 megaricissabis:
863 1193 960 1235 noune
979 1176 1103 1239 dimittes
1116 1199 1178 1241 sse·

63 1268 152 1308 curn

118 1332 162 1389 M
170 1330 234 1391 EG.
255 1333 428 1411 Dicmopoli,
443 1336 614 1413 Dicaeopoli,
628 1338 772 1397 deserere
785 1337 964 1412 nescioquo.

119 1413 212 1471 DlC.
234 1411 306 1484 Quis
326 1426 379 1489 est,
395 1420 444 1492 qni
464 1426 493 1477 te
513 1419 624 1477 desert?
648 1438 697 1477 ros
711 1436 791 1487 sero,
805 1418 993 1492 Aperanorni,
1008 1438 1104 1479 noune
1123 1441 1175 1481 ex·

64 1496 210 1553 cludetis
231 1498 470 1570 quadruplatores
484 1500 582 1559 fosssl
619 1500 709 1575 Quid,
731 1499 848 1575 malum,
871 1500 890 1557 ὂ
912 1504 1026 1577 stolide,
1048 1504 1177 1575 quadro.

64 1578 172 1651 plarc
185 1575 246 1635 sine
259 1578 372 1638 funali?

123 1656 223 1714 SYC.⁴
234 1658 343 1717 Annon
358 1659 480 1720 deseram
495 1662 610 1719 hostes?
747 1720 753 1731 ,

121 1736 210 1795 DlC.
231 1738 306 1799 Cum
327 1760 433 1818 magno
448 1748 500 1800 tuo
514 1744 600 1819 malo,
617 1740 671 1800 nisi
685 1741 821 1799 aliorsum
833 1741 930 1819 abeas,
944 1741 993 1799 ubi
1007 1718 1176 1805 calumniam

65 1836 228 1877 exerceas.

123 1898 233 1958 MEG.
255 1900 349 1970 Quale
361 1905 417 1963 hoc
431 1879 550 1962 Ath'enis
564 1905 637 1963 inest
650 1902 771 1961 malunt!

123 1978 211 2039 DIC.
234 1980 319 2041 Bono
331 1986 428 2043 animo
442 2004 482 2056 es,
499 1984 655 2059 Megarice.
700 1984 772 2058 Age,
787 2000 847 2054 quo
867 1986 1011 2057 porcellus
1024 1981 1177 2045 uendidisli

69 2064 193 2137 pretio,
208 2064 306 2138 accipe
318 2066 384 2122 allia
397 2065 452 2123 ista
464 2071 494 2123 ct
506 2067 591 2123 suom
605 2085 614 2136 ;
635 2064 813 2137 multumque
825 2065 898 2123 sule.

122 2140 230 2202 MEG.
254 2146 309 2201 Sed
322 2147 419 2203 valere
432 2147 510 2219 apud
524 2164 576 2203 uos
590 2146 676 2203 moris
691 2162 749 2201 non
763 2149 816 2201 est.

120 2222 205 2281 DlC.
227 2223 260 2281 ln
276 2240 452 2301 mcumurgo
466 2234 556 2298 caput
568 2232 674 2300 vertat,
690 2227 755 2298 quia
768 2225 861 2282 minus
875 2230 1042 2299 opportune
1053 2226 1125 2286 disi.

122 2301 231 2363 MEG.
253 2303 281 2362 Ο
302 2308 432 2381 porcelli,
449 2307 535 2363 facite
556 2325 634 2363 nuno
656 2307 822 2381 pericnlum,
835 2323 874 2365 an
891 2308 950 2364 siue
966 2316 1048 2381 patre
1060 2308 1175 2385 possitis

70 2387 170 2445 edera
183 2403 288 2442 mazam
303 2406 366 2445 cum
382 2388 450 2461 sale,
464 2388 586 2446 simodo
601 2390 664 2461 quis
677 2390 797 2445 dederit.

122 2464 251 2525 CHOR.
276 2466 348 2527 Sane
362 2471 413 2527 iste
431 2469 517 2525 bouso
530 2471 627 2529 beatus
639 2476 701 2528 est:
731 2486 829 2527 nonne
840 2467 981 2544 audivisti,
996 2487 1056 2543 que
1074 2472 1176 2531 eradat

73 2548 233 2605 eonsilium
248 2548 340 2606 illud?
368 2551 477 2606 lucrum
497 2551 585 2607 faciet
603 2552 652 2609 ille
665 2549 696 2604 iu
715 2550 784 2607 soro
801 2550 949 2619 desidens3
974 2558 1003 2606 et
1016 2554 1039 2608 si
1053 2551 1116 2625 quis
1129 2555 1175 2610 in.

73 2646 197 2703 gressus
213 2628 300 2685 suerit
312 2627 434 2694 Ctesias,
448 2635 500 2686 aut
516 2630 628 2687 delator
646 2630 731 2700 allus,
744 2628 857 2701 ejulans
879 2629 1010 2685 sedebit:
1033 2649 1086 2689 nec
1106 2636 1175 2691 alius

73 2711 235 2782 quisquan:
261 2711 331 2767 elam
354 2712 498 2767 obserans
515 2710 568 2765 tibi
589 2711 723 2778 :lapsuum
744 2708 836 2779 (labit,
853 2725 905 2764 uec
918 2710 1059 2767 affricabit
1073 2710 1175 2787 Prepis

73 2792 120 2847 im
127 2790 292 2863 pudicitiam
306 2808 381 2848 suam
392 2790 454 2861 tibi,
465 2808 517 2846 nec
530 2790 559 2845 iu
571 2791 657 2846 turba
667 2788 789 2845 trudaris
798 2806 815 2843 a
823 2786 984 2864 Cleonymo
996 2807 1005 2858 3
1017 2807 1114 2848 rerum
1126 2796 1176 2852 lm.

73 2886 149 2927 nam
163 2870 267 2928 habens
277 2873 392 2929 nitidam
404 2870 555 2928 transibis:
572 2886 624 2927 nee
634 2871 747 2928 ebriam
757 2868 810 2926 tibi
819 2868 912 2925 lactus
921 2866 1106 2945 Hyperbolus
1116 2874 1175 2930 liti.

76 2954 139 3009 bus
151 2961 180 3009 tu
190 2953 335 3025 implebit:
359 2970 410 3009 nec
422 2953 451 3009 iu
464 2952 529 3011 l'oro
539 2950 686 3009 ambulans
696 2950 894 3024 congredietur
908 2955 936 3006 te
946 2948 1088 3027 Cratinus,
1103 2972 1176 3011 sem.

77 3051 137 3110 per
147 3033 296 3091 forficibus
307 3034 569 3091 cinaedicetousus:
587 3049 639 3089 nec
648 3032 875 3105 improbissimus
888 3030 936 3087 ille
946 3030 1079 3106 Artemo,
1093 3035 1175 3093 nimis

75 3117 233 3187 expeditos
256 3122 318 3171 erte
337 3116 454 3188 musica,
470 3116 516 3171 cui
539 3114 703 3186 graveolens
717 3114 813 3169 hircus
837 3112 865 3167 in
881 3109 933 3167 alis
949 3113 1053 3169 cubat:
1081 3132 1175 3188 neque

76 3199 171 3254 etlam
186 3201 214 3252 te
226 3197 350 3254 ludibrio
366 3196 479 3253 habebit
493 3196 522 3251 io
536 3195 603 3251 loro
614 3192 729 3251 Pauson
743 3194 790 3249 illc
804 3193 950 3265 pessimus,
964 3210 1017 3250 uec
1033 3190 1174 3269 Lysistrs.

75 3285 143 3348 tus,
157 3275 390 3351 Chelargensium
406 3276 606 3349 opprobrium,
625 3273 885 3345 sceleribusque
901 3291 1042 3347 purpura,
1058 3276 1174 3354 tinctus,

78 3360 182 3433 algens
196 3363 225 3415 et
237 3359 363 3415 esuriem
385 3357 495 3415 assidue
508 3358 573 3430 plus
593 3354 710 3429 triginta
720 3354 819 3412 diebus
829 3359 902 3428 quot
915 3354 1068 3412 mensibus.

102 3566 288 3641 umores,
311 3548 577 3635 bremonense,
608 3562 863 3639 urbanenses,
885 3560 1063 3639 euentu,
1084 3562 1154 3623 ru.

182 3672 325 3735 Munus
350 3672 494 3747 stanton,
520 3670 680 3745 runco,
701 3667 925 3744 sourcous,
947 3668 1073 3729 rans.

298 3776 701 3855 numennumen,
724 3773 958 3836 elusanus

125 3964 260 4027 BOEOT.
282 3964 375 4025 Testis
388 3968 424 4025 sit
434 3964 582 4040 Hercules,
598 3971 632 4023 ut
643 3966 712 4023 mihi
726 3964 844 4039 pessime
857 3965 937 4023 dolet
949 3965 1038 4021 callus
1050 3962 1172 4024 humeri.

83 4050 205 4122 Depone
217 4050 326 4121 placide
339 4046 496 4123 pulegium,
512 4047 652 4104 Ismenia:
669 4066 719 4105 ros
733 4065 814 4120 vero,
829 4050 972 4120 quotquot
984 4047 1085 4105 adestis
1095 4044 1173 4105 The-

83 4131 151 4189 buni
165 4128 304 4195 tibicines,
318 4130 402 4185 osseis
416 4131 490 4185 tibiis
504 4129 601 4185 inflate
615 4128 689 4185 canis
704 4127 810 4185 culum.

125 4208 203 4269 ulo.
232 4208 357 4282 Desine3
389 4210 419 4268 iu
444 4210 546 4268 malam
569 4226 637 4268 reru.
678 4205 751 4267 Non
772 4206 911 4269 facessent
934 4226 952 4266 a
976 4207 1089 4271 toribus
1110 4224 1172 4267 cra·
