<?xml version="1.0" encoding="UTF-8"?>
<!DOCTYPE html PUBLIC "-//W3C//DTD XHTML 1.0 Transitional//EN"
    "http://www.w3.org/TR/xhtml1/DTD/xhtml1-transitional.dtd">
<html xmlns="http://www.w3.org/1999/xhtml" xml:lang="en" lang="en">
 <head>
  <title>
</title>
<meta http-equiv="Content-Type" content="text/html;charset=utf-8" />
  <meta name='ocr-system' content='tesseract 3.04.00' />
  <meta name='ocr-capabilities' content='ocr_page ocr_carea ocr_par ocr_line ocrx_word'/>
</head>
<body>
  <div class='ocr_page' id='page_1' title='image "aristophaniscom00brungoog_0320.png"; bbox 0 0 2875 4984; ppageno 0'>
   <div class='ocr_carea' id='block_1_1' title="bbox 304 426 1068 498">
    <p class='ocr_par' dir='ltr' id='par_1_1' title="bbox 304 426 1068 498">
     <span class='ocr_line' id='line_1_1' title="bbox 304 426 1068 498; baseline -0.005 0"><span class='ocrx_word' id='word_1_1' title='bbox 304 438 362 498; x_wconf 69' lang='lat'><strong>812</strong></span> <span class='ocrx_word' id='word_1_2' title='bbox 669 426 1068 494; x_wconf 75' lang='lat' dir='ltr'><strong>aulssorflsms</strong></span> 
     </span>
    </p>
   </div>
   <div class='ocr_carea' id='block_1_2' title="bbox 288 586 1409 4377">
    <p class='ocr_par' dir='ltr' id='par_1_2' title="bbox 302 586 1394 745">
     <span class='ocr_line' id='line_1_2' title="bbox 302 586 1394 671; baseline -0.002 -18"><span class='ocrx_word' id='word_1_3' title='bbox 302 594 439 663; x_wconf 80' lang='lat' dir='ltr'><strong>dormire,</strong></span> <span class='ocrx_word' id='word_1_4' title='bbox 450 591 587 651; x_wconf 85' lang='lat' dir='ltr'><strong>iuteresse</strong></span> <span class='ocrx_word' id='word_1_5' title='bbox 604 590 678 649; x_wconf 91' lang='lat' dir='ltr'><strong>ludis</strong></span> <span class='ocrx_word' id='word_1_6' title='bbox 691 592 871 661; x_wconf 80' lang='lat' dir='ltr'><strong>solemnibus,</strong></span> <span class='ocrx_word' id='word_1_7' title='bbox 883 592 1003 668; x_wconf 88' lang='lat' dir='ltr'><strong>epulari,</strong></span> <span class='ocrx_word' id='word_1_8' title='bbox 1018 590 1135 651; x_wconf 84' lang='lat' dir='ltr'><strong>cottabo</strong></span> <span class='ocrx_word' id='word_1_9' title='bbox 1148 588 1263 668; x_wconf 85' lang='lat' dir='ltr'><strong>ludere,</strong></span> <span class='ocrx_word' id='word_1_10' title='bbox 1277 586 1394 671; x_wconf 75' lang='lat' dir='ltr'><strong>Sybari·</strong></span> 
     </span>
     <span class='ocr_line' id='line_1_3' title="bbox 303 670 893 745; baseline -0.008 -8"><span class='ocrx_word' id='word_1_11' title='bbox 303 674 565 745; x_wconf 68' lang='lat' dir='ltr'><strong>subterioribus,</strong></span> <span class='ocrx_word' id='word_1_12' title='bbox 581 670 638 732; x_wconf 83' lang='lat' dir='ltr'><strong>lu!</strong></span> <span class='ocrx_word' id='word_1_13' title='bbox 653 670 709 731; x_wconf 83' lang='lat' dir='ltr'><strong>Iu!</strong></span> <span class='ocrx_word' id='word_1_14' title='bbox 723 674 893 732; x_wconf 72' lang='lat' dir='ltr'><strong>exclamare,</strong></span> 
     </span>
    </p>

    <p class='ocr_par' dir='ltr' id='par_1_3' title="bbox 299 752 1395 1397">
     <span class='ocr_line' id='line_1_4' title="bbox 343 752 1395 827; baseline -0.009 -12"><span class='ocrx_word' id='word_1_15' title='bbox 343 754 468 815; x_wconf 80' lang='lat' dir='ltr'>CHOR.</span> <span class='ocrx_word' id='word_1_16' title='bbox 492 754 610 813; x_wconf 88' lang='lat' dir='ltr'><strong>Utinam</strong></span> <span class='ocrx_word' id='word_1_17' title='bbox 625 754 692 811; x_wconf 88' lang='lat' dir='ltr'><strong>mibi</strong></span> <span class='ocrx_word' id='word_1_18' title='bbox 711 755 795 812; x_wconf 87' lang='lat' dir='ltr'><strong>liceat</strong></span> <span class='ocrx_word' id='word_1_19' title='bbox 808 756 903 813; x_wconf 86' lang='lat' dir='ltr'><strong>uidere</strong></span> <span class='ocrx_word' id='word_1_20' title='bbox 917 754 990 811; x_wconf 88' lang='lat' dir='ltr'><strong>bunc</strong></span> <span class='ocrx_word' id='word_1_21' title='bbox 1004 756 1076 813; x_wconf 89' lang='lat' dir='ltr'><strong>diem</strong></span> <span class='ocrx_word' id='word_1_22' title='bbox 1093 754 1262 827; x_wconf 89' lang='lat' dir='ltr'><strong>aliquando.</strong></span> <span class='ocrx_word' id='word_1_23' title='bbox 1306 752 1395 812; x_wconf 85' lang='lat' dir='ltr'><strong>AEm.</strong></span> 
     </span>
     <span class='ocr_line' id='line_1_5' title="bbox 302 834 1394 909; baseline -0.002 -14"><span class='ocrx_word' id='word_1_24' title='bbox 302 856 382 895; x_wconf 84' lang='lat' dir='ltr'><strong>muas</strong></span> <span class='ocrx_word' id='word_1_25' title='bbox 395 840 470 897; x_wconf 87' lang='lat' dir='ltr'><strong>enim</strong></span> <span class='ocrx_word' id='word_1_26' title='bbox 483 837 605 893; x_wconf 78' lang='lat' dir='ltr'><strong>toleravi</strong></span> <span class='ocrx_word' id='word_1_27' title='bbox 619 837 731 908; x_wconf 86' lang='lat' dir='ltr'><strong>multas,</strong></span> <span class='ocrx_word' id='word_1_28' title='bbox 740 842 770 893; x_wconf 83' lang='lat' dir='ltr'><strong>st</strong></span> <span class='ocrx_word' id='word_1_29' title='bbox 781 842 945 907; x_wconf 87' lang='lat' dir='ltr'><strong>stramenta,</strong></span> <span class='ocrx_word' id='word_1_30' title='bbox 957 834 1137 893; x_wconf 84' lang='lat' dir='ltr'><strong>Phormiouis</strong></span> <span class='ocrx_word' id='word_1_31' title='bbox 1151 836 1312 909; x_wconf 86' lang='lat' dir='ltr'><strong>peculium.</strong></span> <span class='ocrx_word' id='word_1_32' title='bbox 1335 836 1394 894; x_wconf 89' lang='lat' dir='ltr'><strong>Nec</strong></span> 
     </span>
     <span class='ocr_line' id='line_1_6' title="bbox 302 915 1395 992; baseline -0.003 -17"><span class='ocrx_word' id='word_1_33' title='bbox 302 920 422 992; x_wconf 89' lang='lat' dir='ltr'><strong>amplius</strong></span> <span class='ocrx_word' id='word_1_34' title='bbox 435 937 479 975; x_wconf 91' lang='lat' dir='ltr'><strong>me</strong></span> <span class='ocrx_word' id='word_1_35' title='bbox 493 917 616 974; x_wconf 84' lang='lat' dir='ltr'><strong>iuvenies</strong></span> <span class='ocrx_word' id='word_1_36' title='bbox 625 915 749 990; x_wconf 88' lang='lat' dir='ltr'><strong>judicem</strong></span> <span class='ocrx_word' id='word_1_37' title='bbox 764 916 893 974; x_wconf 87' lang='lat' dir='ltr'><strong>acerbum</strong></span> <span class='ocrx_word' id='word_1_38' title='bbox 907 925 937 974; x_wconf 90' lang='lat' dir='ltr'><strong>et</strong></span> <span class='ocrx_word' id='word_1_39' title='bbox 958 917 1110 988; x_wconf 86' lang='lat' dir='ltr'><strong>difficilem,</strong></span> <span class='ocrx_word' id='word_1_40' title='bbox 1124 934 1175 973; x_wconf 90' lang='lat' dir='ltr'><strong>uec</strong></span> <span class='ocrx_word' id='word_1_41' title='bbox 1191 935 1331 990; x_wconf 88' lang='lat' dir='ltr'><strong>asperum</strong></span> <span class='ocrx_word' id='word_1_42' title='bbox 1343 919 1395 973; x_wconf 83' lang='lat' dir='ltr'><strong>du.</strong></span> 
     </span>
     <span class='ocr_line' id='line_1_7' title="bbox 300 996 1393 1073; baseline -0.004 -17"><span class='ocrx_word' id='word_1_43' title='bbox 300 1018 419 1070; x_wconf 88' lang='lat' dir='ltr'><strong>rumque</strong></span> <span class='ocrx_word' id='word_1_44' title='bbox 433 998 556 1073; x_wconf 82' lang='lat' dir='ltr'><strong>iugenio,</strong></span> <span class='ocrx_word' id='word_1_45' title='bbox 570 998 618 1054; x_wconf 88' lang='lat' dir='ltr'><strong>sed</strong></span> <span class='ocrx_word' id='word_1_46' title='bbox 631 998 744 1055; x_wconf 83' lang='lat' dir='ltr'><strong>mollem</strong></span> <span class='ocrx_word' id='word_1_47' title='bbox 758 1015 803 1054; x_wconf 87' lang='lat' dir='ltr'><strong>me</strong></span> <span class='ocrx_word' id='word_1_48' title='bbox 820 996 940 1071; x_wconf 82' lang='lat' dir='ltr'><strong>ridebis,</strong></span> <span class='ocrx_word' id='word_1_49' title='bbox 953 1000 1103 1073; x_wconf 89' lang='lat' dir='ltr'><strong>multoque</strong></span> <span class='ocrx_word' id='word_1_50' title='bbox 1115 997 1270 1064; x_wconf 76' lang='lat' dir='ltr'><strong>mitiorem,</strong></span> <span class='ocrx_word' id='word_1_51' title='bbox 1286 999 1337 1054; x_wconf 91' lang='lat' dir='ltr'><strong>ubi</strong></span> <span class='ocrx_word' id='word_1_52' title='bbox 1350 1016 1393 1054; x_wconf 89' lang='lat' dir='ltr'><strong>so·</strong></span> 
     </span>
     <span class='ocr_line' id='line_1_8' title="bbox 299 1077 1393 1153; baseline -0.004 -17"><span class='ocrx_word' id='word_1_53' title='bbox 299 1081 375 1136; x_wconf 88' lang='lat' dir='ltr'><strong>lutus</strong></span> <span class='ocrx_word' id='word_1_54' title='bbox 384 1080 468 1137; x_wconf 79' lang='lat' dir='ltr'><strong>{uero</strong></span> <span class='ocrx_word' id='word_1_55' title='bbox 482 1080 548 1135; x_wconf 83' lang='lat' dir='ltr'><strong>belli</strong></span> <span class='ocrx_word' id='word_1_56' title='bbox 561 1078 706 1135; x_wconf 84' lang='lat' dir='ltr'><strong>molestiis.</strong></span> <span class='ocrx_word' id='word_1_57' title='bbox 749 1077 859 1135; x_wconf 79' lang='lat' dir='ltr'><strong>Etenim</strong></span> <span class='ocrx_word' id='word_1_58' title='bbox 873 1080 940 1139; x_wconf 91' lang='lat' dir='ltr'><strong>satis</strong></span> <span class='ocrx_word' id='word_1_59' title='bbox 952 1080 1039 1153; x_wconf 82' lang='lat' dir='ltr'><strong>longo</strong></span> <span class='ocrx_word' id='word_1_60' title='bbox 1050 1079 1110 1153; x_wconf 88' lang='lat' dir='ltr'><strong>jam</strong></span> <span class='ocrx_word' id='word_1_61' title='bbox 1124 1083 1256 1152; x_wconf 86' lang='lat' dir='ltr'><strong>tempore</strong></span> <span class='ocrx_word' id='word_1_62' title='bbox 1272 1080 1393 1153; x_wconf 86' lang='lat' dir='ltr'><strong>perimus</strong></span> 
     </span>
     <span class='ocr_line' id='line_1_9' title="bbox 300 1156 1393 1237; baseline -0.005 -19"><span class='ocrx_word' id='word_1_63' title='bbox 300 1168 330 1218; x_wconf 86' lang='lat' dir='ltr'><strong>et</strong></span> <span class='ocrx_word' id='word_1_64' title='bbox 339 1162 497 1229; x_wconf 88' lang='lat' dir='ltr'><strong>atterimur,</strong></span> <span class='ocrx_word' id='word_1_65' title='bbox 507 1160 718 1235; x_wconf 79' lang='lat' dir='ltr'><strong>dumrugamur</strong></span> <span class='ocrx_word' id='word_1_66' title='bbox 731 1159 760 1217; x_wconf 90' lang='lat' dir='ltr'><strong>in</strong></span> <span class='ocrx_word' id='word_1_67' title='bbox 776 1156 900 1236; x_wconf 85' lang='lat' dir='ltr'><strong>Lyceum</strong></span> <span class='ocrx_word' id='word_1_68' title='bbox 913 1168 988 1217; x_wconf 84' lang='lat' dir='ltr'><strong>etex</strong></span> <span class='ocrx_word' id='word_1_69' title='bbox 1003 1158 1101 1237; x_wconf 85' lang='lat' dir='ltr'><strong>Lyceo</strong></span> <span class='ocrx_word' id='word_1_70' title='bbox 1114 1177 1176 1215; x_wconf 90' lang='lat' dir='ltr'><strong>cum</strong></span> <span class='ocrx_word' id='word_1_71' title='bbox 1187 1160 1275 1216; x_wconf 89' lang='lat' dir='ltr'><strong>basta</strong></span> <span class='ocrx_word' id='word_1_72' title='bbox 1287 1166 1318 1216; x_wconf 91' lang='lat' dir='ltr'><strong>et</strong></span> <span class='ocrx_word' id='word_1_73' title='bbox 1332 1177 1393 1217; x_wconf 91' lang='lat' dir='ltr'><strong>cum</strong></span> 
     </span>
     <span class='ocr_line' id='line_1_10' title="bbox 301 1240 1395 1315; baseline -0.001 -19"><span class='ocrx_word' id='word_1_74' title='bbox 301 1242 416 1315; x_wconf 90' lang='lat' dir='ltr'><strong>clypeo.</strong></span> <span class='ocrx_word' id='word_1_75' title='bbox 458 1240 511 1298; x_wconf 88' lang='lat' dir='ltr'><strong>Sed</strong></span> <span class='ocrx_word' id='word_1_76' title='bbox 526 1259 586 1312; x_wconf 92' lang='lat' dir='ltr'><strong>quo</strong></span> <span class='ocrx_word' id='word_1_77' title='bbox 598 1240 677 1297; x_wconf 84' lang='lat' dir='ltr'><strong>iacto</strong></span> <span class='ocrx_word' id='word_1_78' title='bbox 697 1242 750 1297; x_wconf 89' lang='lat' dir='ltr'><strong>tibi</strong></span> <span class='ocrx_word' id='word_1_79' title='bbox 775 1241 896 1297; x_wconf 85' lang='lat' dir='ltr'><strong>maxime</strong></span> <span class='ocrx_word' id='word_1_80' title='bbox 914 1240 1104 1315; x_wconf 75' lang='lat' dir='ltr'><strong>gratificentur</strong></span> <span class='ocrx_word' id='word_1_81' title='bbox 1116 1258 1168 1315; x_wconf 84' lang='lat' dir='ltr'><strong>age</strong></span> <span class='ocrx_word' id='word_1_82' title='bbox 1181 1241 1346 1312; x_wconf 86' lang='lat' dir='ltr'><strong>eloquere:</strong></span> <span class='ocrx_word' id='word_1_83' title='bbox 1370 1247 1395 1295; x_wconf 83' lang='lat' dir='ltr'><strong>tc</strong></span> 
     </span>
     <span class='ocr_line' id='line_1_11' title="bbox 299 1319 1177 1397; baseline -0.001 -20"><span class='ocrx_word' id='word_1_84' title='bbox 299 1322 373 1378; x_wconf 85' lang='lat' dir='ltr'><strong>enim</strong></span> <span class='ocrx_word' id='word_1_85' title='bbox 388 1322 586 1393; x_wconf 75' lang='lat' dir='ltr'><strong>imperatorem</strong></span> <span class='ocrx_word' id='word_1_86' title='bbox 600 1319 669 1393; x_wconf 82' lang='lat' dir='ltr'><strong>legis</strong></span> <span class='ocrx_word' id='word_1_87' title='bbox 682 1322 764 1377; x_wconf 84' lang='lat' dir='ltr'><strong>uobis</strong></span> <span class='ocrx_word' id='word_1_88' title='bbox 778 1322 898 1397; x_wconf 81' lang='lat' dir='ltr'><strong>benigna</strong></span> <span class='ocrx_word' id='word_1_89' title='bbox 910 1322 1036 1394; x_wconf 73' lang='lat' dir='ltr'><strong>quadam</strong></span> <span class='ocrx_word' id='word_1_90' title='bbox 1051 1320 1177 1377; x_wconf 79' lang='lat' dir='ltr'><strong>fortuna.</strong></span> 
     </span>
    </p>

    <p class='ocr_par' dir='ltr' id='par_1_4' title="bbox 340 1400 1338 1475">
     <span class='ocr_line' id='line_1_12' title="bbox 340 1400 1338 1475; baseline 0.001 -18"><span class='ocrx_word' id='word_1_91' title='bbox 340 1400 467 1462; x_wconf 80' lang='lat' dir='ltr'><strong>TRYG.</strong></span> <span class='ocrx_word' id='word_1_92' title='bbox 487 1402 550 1475; x_wconf 82' lang='lat' dir='ltr'><strong>Age</strong></span> <span class='ocrx_word' id='word_1_93' title='bbox 559 1400 618 1474; x_wconf 85' lang='lat' dir='ltr'><strong>jam</strong></span> <span class='ocrx_word' id='word_1_94' title='bbox 631 1402 788 1475; x_wconf 72' lang='lat' dir='ltr'><strong>dispiciam,</strong></span> <span class='ocrx_word' id='word_1_95' title='bbox 803 1419 935 1473; x_wconf 85' lang='lat' dir='ltr'><strong>quorsum</strong></span> <span class='ocrx_word' id='word_1_96' title='bbox 949 1403 1018 1459; x_wconf 89' lang='lat' dir='ltr'><strong>istos</strong></span> <span class='ocrx_word' id='word_1_97' title='bbox 1032 1402 1138 1475; x_wconf 85' lang='lat' dir='ltr'><strong>lapides</strong></span> <span class='ocrx_word' id='word_1_98' title='bbox 1151 1402 1338 1459; x_wconf 84' lang='lat' dir='ltr'><strong>amoliamur.</strong></span> 
     </span>
    </p>

    <p class='ocr_par' dir='ltr' id='par_1_5' title="bbox 339 1480 1187 1558">
     <span class='ocr_line' id='line_1_13' title="bbox 339 1480 1187 1558; baseline 0 -19"><span class='ocrx_word' id='word_1_99' title='bbox 339 1480 466 1540; x_wconf 83' lang='lat' dir='ltr'>MERC.</span> <span class='ocrx_word' id='word_1_100' title='bbox 488 1480 516 1539; x_wconf 92' lang='grc' dir='ltr'>Ο</span> <span class='ocrx_word' id='word_1_101' title='bbox 530 1484 640 1555; x_wconf 88' lang='lat' dir='ltr'><strong>impure</strong></span> <span class='ocrx_word' id='word_1_102' title='bbox 654 1490 684 1539; x_wconf 87' lang='lat' dir='ltr'><strong>et</strong></span> <span class='ocrx_word' id='word_1_103' title='bbox 699 1483 854 1553; x_wconf 87' lang='lat' dir='ltr'><strong>temerarie,</strong></span> <span class='ocrx_word' id='word_1_104' title='bbox 868 1482 935 1555; x_wconf 90' lang='lat' dir='ltr'><strong>quid</strong></span> <span class='ocrx_word' id='word_1_105' title='bbox 949 1483 1044 1541; x_wconf 84' lang='lat' dir='ltr'><strong>iacere</strong></span> <span class='ocrx_word' id='word_1_106' title='bbox 1058 1481 1187 1558; x_wconf 67' lang='lat' dir='ltr'><strong>cogitas?</strong></span> 
     </span>
    </p>

    <p class='ocr_par' dir='ltr' id='par_1_6' title="bbox 339 1560 1016 1635">
     <span class='ocr_line' id='line_1_14' title="bbox 339 1560 1016 1635; baseline 0.003 -16"><span class='ocrx_word' id='word_1_107' title='bbox 339 1560 468 1621; x_wconf 80' lang='lat' dir='ltr'><strong>TRYG.</strong></span> <span class='ocrx_word' id='word_1_108' title='bbox 492 1561 572 1620; x_wconf 90' lang='lat' dir='ltr'><strong>Nihil</strong></span> <span class='ocrx_word' id='word_1_109' title='bbox 586 1564 671 1634; x_wconf 82' lang='lat' dir='ltr'><strong>mali3</strong></span> <span class='ocrx_word' id='word_1_110' title='bbox 688 1564 736 1621; x_wconf 91' lang='lat' dir='ltr'><strong>scd</strong></span> <span class='ocrx_word' id='word_1_111' title='bbox 749 1564 777 1620; x_wconf 92' lang='lat' dir='ltr'><strong>id</strong></span> <span class='ocrx_word' id='word_1_112' title='bbox 792 1564 868 1635; x_wconf 92' lang='lat' dir='ltr'><strong>qnod</strong></span> <span class='ocrx_word' id='word_1_113' title='bbox 882 1560 1016 1621; x_wconf 85' lang='lat' dir='ltr'><strong>Cillicou.</strong></span> 
     </span>
    </p>

    <p class='ocr_par' dir='ltr' id='par_1_7' title="bbox 339 1641 826 1701">
     <span class='ocr_line' id='line_1_15' title="bbox 339 1641 826 1701; baseline 0 -1"><span class='ocrx_word' id='word_1_114' title='bbox 339 1641 467 1701; x_wconf 80' lang='lat' dir='ltr'>MERC.</span> <span class='ocrx_word' id='word_1_115' title='bbox 490 1641 602 1699; x_wconf 86' lang='lat' dir='ltr'><strong>Periisti</strong></span> <span class='ocrx_word' id='word_1_116' title='bbox 616 1644 702 1701; x_wconf 90' lang='lat' dir='ltr'><strong>homo</strong></span> <span class='ocrx_word' id='word_1_117' title='bbox 716 1644 826 1701; x_wconf 84' lang='lat' dir='ltr'><strong>infelix.</strong></span> 
     </span>
    </p>

    <p class='ocr_par' dir='ltr' id='par_1_8' title="bbox 299 1720 1392 1878">
     <span class='ocr_line' id='line_1_16' title="bbox 325 1720 1392 1799; baseline -0.004 -18"><span class='ocrx_word' id='word_1_118' title='bbox 325 1721 466 1781; x_wconf 80' lang='lat' dir='ltr'><strong>&#39;TRYG.</strong></span> <span class='ocrx_word' id='word_1_119' title='bbox 487 1722 627 1795; x_wconf 86' lang='lat' dir='ltr'><strong>Siquidem</strong></span> <span class='ocrx_word' id='word_1_120' title='bbox 641 1725 754 1781; x_wconf 83' lang='lat' dir='ltr'><strong>sortitio</strong></span> <span class='ocrx_word' id='word_1_121' title='bbox 764 1724 827 1782; x_wconf 81' lang='lat' dir='ltr'><strong>fiat:</strong></span> <span class='ocrx_word' id='word_1_122' title='bbox 843 1730 874 1782; x_wconf 88' lang='lat' dir='ltr'><strong>tu</strong></span> <span class='ocrx_word' id='word_1_123' title='bbox 885 1724 971 1799; x_wconf 86' lang='lat' dir='ltr'><strong>enim,</strong></span> <span class='ocrx_word' id='word_1_124' title='bbox 982 1723 1030 1799; x_wconf 89' lang='lat' dir='ltr'><strong>qui</strong></span> <span class='ocrx_word' id='word_1_125' title='bbox 1040 1720 1205 1781; x_wconf 85' lang='lat' dir='ltr'><strong>Mercurius</strong></span> <span class='ocrx_word' id='word_1_126' title='bbox 1216 1738 1259 1791; x_wconf 82' lang='lat' dir='ltr'><strong>es,</strong></span> <span class='ocrx_word' id='word_1_127' title='bbox 1268 1723 1392 1779; x_wconf 88' lang='lat' dir='ltr'><strong>sortibus</strong></span> 
     </span>
     <span class='ocr_line' id='line_1_17' title="bbox 299 1804 811 1878; baseline 0.002 -17"><span class='ocrx_word' id='word_1_128' title='bbox 299 1804 452 1878; x_wconf 71' lang='lat' dir='ltr'><strong>dirigendis</strong></span> <span class='ocrx_word' id='word_1_129' title='bbox 465 1804 533 1877; x_wconf 86' lang='lat' dir='ltr'><strong>quid</strong></span> <span class='ocrx_word' id='word_1_130' title='bbox 547 1804 676 1861; x_wconf 81' lang='lat' dir='ltr'><strong>facturus</strong></span> <span class='ocrx_word' id='word_1_131' title='bbox 690 1806 727 1861; x_wconf 90' lang='lat' dir='ltr'><strong>sis</strong></span> <span class='ocrx_word' id='word_1_132' title='bbox 741 1808 811 1863; x_wconf 86' lang='lat' dir='ltr'><strong>scio.</strong></span> 
     </span>
    </p>

    <p class='ocr_par' dir='ltr' id='par_1_9' title="bbox 339 1882 766 1953">
     <span class='ocr_line' id='line_1_18' title="bbox 339 1882 766 1953; baseline 0.009 -12"><span class='ocrx_word' id='word_1_133' title='bbox 339 1882 467 1944; x_wconf 77' lang='lat' dir='ltr'><strong>MERC.</strong></span> <span class='ocrx_word' id='word_1_134' title='bbox 492 1884 610 1953; x_wconf 86' lang='lat' dir='ltr'><strong>Periisti,</strong></span> <span class='ocrx_word' id='word_1_135' title='bbox 625 1886 766 1945; x_wconf 67' lang='lat' dir='ltr'><strong>interiisti,</strong></span> 
     </span>
    </p>

    <p class='ocr_par' dir='ltr' id='par_1_10' title="bbox 303 1964 727 2105">
     <span class='ocr_line' id='line_1_19' title="bbox 304 1964 727 2037; baseline 0.002 -15"><span class='ocrx_word' id='word_1_136' title='bbox 304 1994 307 2001; x_wconf 92' lang='lat'>·</span> <span class='ocrx_word' id='word_1_137' title='bbox 337 1964 466 2024; x_wconf 84' lang='lat' dir='ltr'><strong>TRYG.</strong></span> <span class='ocrx_word' id='word_1_138' title='bbox 489 1964 523 2023; x_wconf 93' lang='lat' dir='ltr'><strong>In</strong></span> <span class='ocrx_word' id='word_1_139' title='bbox 538 1984 619 2037; x_wconf 87' lang='lat' dir='ltr'><strong>quem</strong></span> <span class='ocrx_word' id='word_1_140' title='bbox 633 1966 727 2023; x_wconf 85' lang='lat' dir='ltr'><strong>diem?</strong></span> 
     </span>
     <span class='ocr_line' id='line_1_20' title="bbox 303 2044 672 2105; baseline 0.014 -6"><span class='ocrx_word' id='word_1_141' title='bbox 303 2089 305 2099; x_wconf 81' lang='grc'>,</span> <span class='ocrx_word' id='word_1_142' title='bbox 337 2044 466 2105; x_wconf 72' lang='lat' dir='ltr'><strong>MERC.</strong></span> <span class='ocrx_word' id='word_1_143' title='bbox 488 2045 555 2104; x_wconf 87' lang='lat' dir='ltr'><strong>Jam</strong></span> <span class='ocrx_word' id='word_1_144' title='bbox 568 2048 672 2104; x_wconf 88' lang='lat' dir='ltr'><strong>statim.</strong></span> 
     </span>
    </p>

    <p class='ocr_par' dir='ltr' id='par_1_11' title="bbox 297 2124 1390 2282">
     <span class='ocr_line' id='line_1_21' title="bbox 338 2124 1390 2201; baseline -0.002 -18"><span class='ocrx_word' id='word_1_145' title='bbox 338 2124 467 2185; x_wconf 85' lang='lat' dir='ltr'><strong>TRYG.</strong></span> <span class='ocrx_word' id='word_1_146' title='bbox 487 2127 528 2186; x_wconf 78' lang='lat' dir='ltr'><strong>At</strong></span> <span class='ocrx_word' id='word_1_147' title='bbox 549 2129 618 2184; x_wconf 89' lang='lat' dir='ltr'><strong>nihil</strong></span> <span class='ocrx_word' id='word_1_148' title='bbox 639 2128 798 2185; x_wconf 82' lang='lat' dir='ltr'><strong>adhucdum</strong></span> <span class='ocrx_word' id='word_1_149' title='bbox 812 2127 878 2201; x_wconf 83' lang='lat' dir='ltr'><strong>emi,</strong></span> <span class='ocrx_word' id='word_1_150' title='bbox 894 2145 945 2183; x_wconf 88' lang='lat' dir='ltr'><strong>nec</strong></span> <span class='ocrx_word' id='word_1_151' title='bbox 965 2124 1097 2200; x_wconf 78' lang='lat' dir='ltr'><strong>farinam,</strong></span> <span class='ocrx_word' id='word_1_152' title='bbox 1113 2143 1167 2182; x_wconf 85' lang='lat' dir='ltr'><strong>nec</strong></span> <span class='ocrx_word' id='word_1_153' title='bbox 1190 2142 1316 2197; x_wconf 84' lang='lat' dir='ltr'><strong>caseum,</strong></span> <span class='ocrx_word' id='word_1_154' title='bbox 1331 2130 1390 2182; x_wconf 89' lang='lat' dir='ltr'><strong>tan·</strong></span> 
     </span>
     <span class='ocr_line' id='line_1_22' title="bbox 297 2209 552 2282; baseline 0.008 -19"><span class='ocrx_word' id='word_1_155' title='bbox 297 2222 383 2281; x_wconf 82' lang='lat' dir='ltr'><strong>quam</strong></span> <span class='ocrx_word' id='word_1_156' title='bbox 397 2209 552 2282; x_wconf 82' lang='lat' dir='ltr'><strong>periturus.</strong></span> 
     </span>
    </p>

    <p class='ocr_par' dir='ltr' id='par_1_12' title="bbox 337 2286 858 2361">
     <span class='ocr_line' id='line_1_23' title="bbox 337 2286 858 2361; baseline 0.004 -18"><span class='ocrx_word' id='word_1_157' title='bbox 337 2286 461 2345; x_wconf 84' lang='lat' dir='ltr'><strong>MERC.</strong></span> <span class='ocrx_word' id='word_1_158' title='bbox 486 2288 579 2361; x_wconf 84' lang='lat' dir='ltr'><strong>Atqui</strong></span> <span class='ocrx_word' id='word_1_159' title='bbox 590 2286 648 2361; x_wconf 89' lang='lat' dir='ltr'><strong>jam</strong></span> <span class='ocrx_word' id='word_1_160' title='bbox 665 2288 805 2345; x_wconf 88' lang='lat' dir='ltr'><strong>contritus</strong></span> <span class='ocrx_word' id='word_1_161' title='bbox 818 2308 858 2345; x_wconf 91' lang='lat' dir='ltr'><strong>es.</strong></span> 
     </span>
    </p>

    <p class='ocr_par' dir='ltr' id='par_1_13' title="bbox 299 2365 1311 2442">
     <span class='ocr_line' id='line_1_24' title="bbox 299 2365 1311 2442; baseline -0.002 -14"><span class='ocrx_word' id='word_1_162' title='bbox 299 2400 302 2410; x_wconf 31' lang='grc' dir='ltr'><strong>Δ</strong></span> <span class='ocrx_word' id='word_1_163' title='bbox 335 2365 463 2428; x_wconf 81' lang='lat' dir='ltr'><strong>TRYG.</strong></span> <span class='ocrx_word' id='word_1_164' title='bbox 485 2368 637 2433; x_wconf 84' lang='lat' dir='ltr'><strong>Quomodo</strong></span> <span class='ocrx_word' id='word_1_165' title='bbox 650 2387 718 2442; x_wconf 86' lang='lat' dir='ltr'><strong>ergo</strong></span> <span class='ocrx_word' id='word_1_166' title='bbox 733 2388 791 2424; x_wconf 91' lang='lat' dir='ltr'><strong>nou</strong></span> <span class='ocrx_word' id='word_1_167' title='bbox 805 2370 935 2426; x_wconf 84' lang='lat' dir='ltr'><strong>semime</strong></span> <span class='ocrx_word' id='word_1_168' title='bbox 950 2366 1112 2425; x_wconf 83' lang='lat' dir='ltr'><strong>tautaaffici</strong></span> <span class='ocrx_word' id='word_1_169' title='bbox 1130 2368 1284 2441; x_wconf 75' lang='lat' dir='ltr'><strong>voluptate</strong></span> <span class='ocrx_word' id='word_1_170' title='bbox 1299 2368 1311 2426; x_wconf 75' lang='grc' dir='ltr'>Ξ</span> 
     </span>
    </p>

    <p class='ocr_par' dir='ltr' id='par_1_14' title="bbox 297 2446 1409 2600">
     <span class='ocr_line' id='line_1_25' title="bbox 338 2446 1409 2521; baseline 0.006 -18"><span class='ocrx_word' id='word_1_171' title='bbox 338 2446 461 2505; x_wconf 79' lang='lat' dir='ltr'>MERC.</span> <span class='ocrx_word' id='word_1_172' title='bbox 484 2447 561 2505; x_wconf 89' lang='lat' dir='ltr'><strong>Num</strong></span> <span class='ocrx_word' id='word_1_173' title='bbox 575 2449 627 2502; x_wconf 88' lang='lat' dir='ltr'><strong>scis</strong></span> <span class='ocrx_word' id='word_1_174' title='bbox 640 2446 743 2504; x_wconf 86' lang='lat' dir='ltr'><strong>Jorem</strong></span> <span class='ocrx_word' id='word_1_175' title='bbox 766 2450 931 2521; x_wconf 74' lang='lat' dir='ltr'><strong>praedixisse</strong></span> <span class='ocrx_word' id='word_1_176' title='bbox 953 2456 1075 2506; x_wconf 85' lang='lat' dir='ltr'><strong>mortem</strong></span> <span class='ocrx_word' id='word_1_177' title='bbox 1095 2448 1148 2520; x_wconf 84' lang='lat' dir='ltr'><strong>illi,</strong></span> <span class='ocrx_word' id='word_1_178' title='bbox 1164 2450 1213 2521; x_wconf 84' lang='lat' dir='ltr'><strong>qui</strong></span> <span class='ocrx_word' id='word_1_179' title='bbox 1228 2449 1308 2509; x_wconf 81' lang='lat' dir='ltr'><strong>hanc</strong></span> <span class='ocrx_word' id='word_1_180' title='bbox 1321 2452 1387 2509; x_wconf 83' lang='lat' dir='ltr'><strong>effo-</strong></span> <span class='ocrx_word' id='word_1_181' title='bbox 1408 2451 1409 2456; x_wconf 66' lang='grc'>’</span> 
     </span>
     <span class='ocr_line' id='line_1_26' title="bbox 297 2526 715 2600; baseline 0.002 -17"><span class='ocrx_word' id='word_1_182' title='bbox 297 2528 375 2583; x_wconf 82' lang='lat' dir='ltr'><strong>diens</strong></span> <span class='ocrx_word' id='word_1_183' title='bbox 389 2527 578 2600; x_wconf 81' lang='lat' dir='ltr'><strong>deprolseusus</strong></span> <span class='ocrx_word' id='word_1_184' title='bbox 593 2526 678 2585; x_wconf 82' lang='lat' dir='ltr'><strong>suerit</strong></span> <span class='ocrx_word' id='word_1_185' title='bbox 690 2526 715 2591; x_wconf 69' lang='lat' dir='ltr'><strong>i⁴</strong></span> 
     </span>
    </p>

    <p class='ocr_par' dir='ltr' id='par_1_15' title="bbox 336 2605 1170 2682">
     <span class='ocr_line' id='line_1_27' title="bbox 336 2605 1170 2682; baseline 0.004 -19"><span class='ocrx_word' id='word_1_186' title='bbox 336 2605 465 2665; x_wconf 81' lang='lat' dir='ltr'><strong>TRYG.</strong></span> <span class='ocrx_word' id='word_1_187' title='bbox 486 2608 601 2682; x_wconf 77' lang='lat' dir='ltr'><strong>Ergone</strong></span> <span class='ocrx_word' id='word_1_188' title='bbox 614 2626 691 2665; x_wconf 93' lang='lat' dir='ltr'><strong>nuuc</strong></span> <span class='ocrx_word' id='word_1_189' title='bbox 705 2610 834 2667; x_wconf 86' lang='lat' dir='ltr'><strong>memori</strong></span> <span class='ocrx_word' id='word_1_190' title='bbox 850 2611 966 2668; x_wconf 87' lang='lat' dir='ltr'><strong>omniuo</strong></span> <span class='ocrx_word' id='word_1_191' title='bbox 981 2626 1092 2666; x_wconf 87' lang='lat' dir='ltr'><strong>necesse</strong></span> <span class='ocrx_word' id='word_1_192' title='bbox 1106 2606 1170 2666; x_wconf 76' lang='lat' dir='ltr'><strong>est?</strong></span> 
     </span>
    </p>

    <p class='ocr_par' dir='ltr' id='par_1_16' title="bbox 298 2686 1408 2747">
     <span class='ocr_line' id='line_1_28' title="bbox 298 2686 1408 2747; baseline 0.008 -4"><span class='ocrx_word' id='word_1_193' title='bbox 298 2718 302 2724; x_wconf 95' lang='lat'>·</span> <span class='ocrx_word' id='word_1_194' title='bbox 336 2686 464 2745; x_wconf 71' lang='lat' dir='ltr'><strong>Mune.</strong></span> <span class='ocrx_word' id='word_1_195' title='bbox 486 2686 562 2745; x_wconf 82' lang='lat' dir='ltr'><strong>Scias</strong></span> <span class='ocrx_word' id='word_1_196' title='bbox 576 2689 630 2746; x_wconf 89' lang='lat' dir='ltr'><strong>hoc</strong></span> <span class='ocrx_word' id='word_1_197' title='bbox 644 2690 684 2744; x_wconf 88' lang='lat' dir='ltr'><strong>ita</strong></span> <span class='ocrx_word' id='word_1_198' title='bbox 699 2694 767 2747; x_wconf 80' lang='lat' dir='ltr'><strong>ease.</strong></span> <span class='ocrx_word' id='word_1_199' title='bbox 1407 2723 1408 2726; x_wconf 38' lang='lat'>¹</span> 
     </span>
    </p>

    <p class='ocr_par' dir='ltr' id='par_1_17' title="bbox 294 2767 1386 2923">
     <span class='ocr_line' id='line_1_29' title="bbox 333 2767 1386 2847; baseline 0.002 -22"><span class='ocrx_word' id='word_1_200' title='bbox 333 2767 463 2827; x_wconf 83' lang='lat' dir='ltr'><strong>TRYG.</strong></span> <span class='ocrx_word' id='word_1_201' title='bbox 480 2768 523 2826; x_wconf 90' lang='lat' dir='ltr'><strong>Da</strong></span> <span class='ocrx_word' id='word_1_202' title='bbox 537 2769 624 2843; x_wconf 81' lang='lat' dir='ltr'><strong>igitur</strong></span> <span class='ocrx_word' id='word_1_203' title='bbox 634 2777 741 2827; x_wconf 86' lang='lat' dir='ltr'><strong>mutuas</strong></span> <span class='ocrx_word' id='word_1_204' title='bbox 751 2769 817 2826; x_wconf 90' lang='lat' dir='ltr'><strong>mibi</strong></span> <span class='ocrx_word' id='word_1_205' title='bbox 828 2774 884 2825; x_wconf 84' lang='lat' dir='ltr'><strong>tres</strong></span> <span class='ocrx_word' id='word_1_206' title='bbox 897 2768 1083 2827; x_wconf 59' lang='lat' dir='ltr'><strong>dracbmssin</strong></span> <span class='ocrx_word' id='word_1_207' title='bbox 1098 2770 1255 2842; x_wconf 84' lang='lat' dir='ltr'><strong>porcellum</strong></span> <span class='ocrx_word' id='word_1_208' title='bbox 1264 2790 1274 2843; x_wconf 83' lang='lat'>3</span> <span class='ocrx_word' id='word_1_209' title='bbox 1302 2789 1386 2847; x_wconf 87' lang='lat' dir='ltr'><strong>opor·</strong></span> 
     </span>
     <span class='ocr_line' id='line_1_30' title="bbox 294 2849 920 2923; baseline 0.003 -19"><span class='ocrx_word' id='word_1_210' title='bbox 294 2853 337 2904; x_wconf 82' lang='lat' dir='ltr'><strong>set</strong></span> <span class='ocrx_word' id='word_1_211' title='bbox 350 2849 423 2907; x_wconf 87' lang='lat' dir='ltr'><strong>enim</strong></span> <span class='ocrx_word' id='word_1_212' title='bbox 440 2850 543 2907; x_wconf 89' lang='lat' dir='ltr'><strong>initiari</strong></span> <span class='ocrx_word' id='word_1_213' title='bbox 558 2869 611 2916; x_wconf 87' lang='lat' dir='ltr'><strong>me,</strong></span> <span class='ocrx_word' id='word_1_214' title='bbox 626 2852 788 2923; x_wconf 84' lang='lat' dir='ltr'><strong>priusquam</strong></span> <span class='ocrx_word' id='word_1_215' title='bbox 802 2851 920 2907; x_wconf 85' lang='lat' dir='ltr'><strong>moriar.</strong></span> 
     </span>
    </p>

    <p class='ocr_par' dir='ltr' id='par_1_18' title="bbox 336 2928 862 3001">
     <span class='ocr_line' id='line_1_31' title="bbox 336 2928 862 3001; baseline 0 -15"><span class='ocrx_word' id='word_1_216' title='bbox 336 2928 463 2992; x_wconf 66' lang='lat' dir='ltr'><strong>Multo.</strong></span> <span class='ocrx_word' id='word_1_217' title='bbox 486 2928 513 2987; x_wconf 94' lang='lat' dir='ltr'>O</span> <span class='ocrx_word' id='word_1_218' title='bbox 529 2928 642 3001; x_wconf 86' lang='lat' dir='ltr'><strong>Jupiter</strong></span> <span class='ocrx_word' id='word_1_219' title='bbox 657 2932 862 2989; x_wconf 82' lang='lat' dir='ltr'><strong>fulminator—</strong></span> 
     </span>
    </p>

    <p class='ocr_par' dir='ltr' id='par_1_19' title="bbox 334 3008 1154 3087">
     <span class='ocr_line' id='line_1_32' title="bbox 334 3008 1154 3087; baseline 0.002 -20"><span class='ocrx_word' id='word_1_220' title='bbox 334 3008 464 3067; x_wconf 83' lang='lat' dir='ltr'><strong>TRYG.</strong></span> <span class='ocrx_word' id='word_1_221' title='bbox 486 3008 541 3068; x_wconf 86' lang='lat' dir='ltr'><strong>Per</strong></span> <span class='ocrx_word' id='word_1_222' title='bbox 554 3012 622 3068; x_wconf 88' lang='lat' dir='ltr'><strong>deus</strong></span> <span class='ocrx_word' id='word_1_223' title='bbox 635 3012 768 3087; x_wconf 90' lang='lat' dir='ltr'><strong>obsecro,</strong></span> <span class='ocrx_word' id='word_1_224' title='bbox 782 3012 906 3085; x_wconf 88' lang='lat' dir='ltr'><strong>domine,</strong></span> <span class='ocrx_word' id='word_1_225' title='bbox 921 3028 957 3067; x_wconf 91' lang='lat' dir='ltr'><strong>ne</strong></span> <span class='ocrx_word' id='word_1_226' title='bbox 970 3028 1022 3067; x_wconf 91' lang='lat' dir='ltr'><strong>nos</strong></span> <span class='ocrx_word' id='word_1_227' title='bbox 1036 3010 1154 3069; x_wconf 90' lang='lat' dir='ltr'><strong>iudices.</strong></span> 
     </span>
    </p>

    <p class='ocr_par' dir='ltr' id='par_1_20' title="bbox 334 3088 1158 3166">
     <span class='ocr_line' id='line_1_33' title="bbox 334 3088 1158 3166; baseline 0.013 -21"><span class='ocrx_word' id='word_1_228' title='bbox 334 3088 461 3147; x_wconf 83' lang='lat' dir='ltr'><strong>MERC.</strong></span> <span class='ocrx_word' id='word_1_229' title='bbox 483 3090 582 3149; x_wconf 86' lang='lat' dir='ltr'><strong>Nolim</strong></span> <span class='ocrx_word' id='word_1_230' title='bbox 597 3092 687 3149; x_wconf 86' lang='lat' dir='ltr'><strong>silere.</strong></span> <span class='ocrx_word' id='word_1_231' title='bbox 1153 3161 1158 3166; x_wconf 58' lang='grc'><strong>,</strong></span> 
     </span>
    </p>

    <p class='ocr_par' dir='ltr' id='par_1_21' title="bbox 333 3168 1244 3246">
     <span class='ocr_line' id='line_1_34' title="bbox 333 3168 1244 3246; baseline 0.003 -21"><span class='ocrx_word' id='word_1_232' title='bbox 333 3168 458 3228; x_wconf 85' lang='lat' dir='ltr'><strong>TRYG.</strong></span> <span class='ocrx_word' id='word_1_233' title='bbox 480 3170 571 3228; x_wconf 89' lang='lat' dir='ltr'><strong>Immo</strong></span> <span class='ocrx_word' id='word_1_234' title='bbox 586 3189 636 3245; x_wconf 87' lang='lat' dir='ltr'><strong>per</strong></span> <span class='ocrx_word' id='word_1_235' title='bbox 651 3190 748 3229; x_wconf 82' lang='lat' dir='ltr'><strong>carues</strong></span> <span class='ocrx_word' id='word_1_236' title='bbox 758 3177 790 3229; x_wconf 83' lang='lat' dir='ltr'><strong>te</strong></span> <span class='ocrx_word' id='word_1_237' title='bbox 803 3189 887 3246; x_wconf 76' lang='lat' dir='ltr'><strong>rogo,</strong></span> <span class='ocrx_word' id='word_1_238' title='bbox 902 3188 971 3243; x_wconf 87' lang='lat' dir='ltr'><strong>quas</strong></span> <span class='ocrx_word' id='word_1_239' title='bbox 985 3170 1038 3227; x_wconf 92' lang='lat' dir='ltr'><strong>tibi</strong></span> <span class='ocrx_word' id='word_1_240' title='bbox 1051 3172 1127 3228; x_wconf 90' lang='lat' dir='ltr'><strong>ultro</strong></span> <span class='ocrx_word' id='word_1_241' title='bbox 1139 3171 1244 3228; x_wconf 85' lang='lat' dir='ltr'><strong>adtuli.</strong></span> 
     </span>
    </p>

    <p class='ocr_par' dir='ltr' id='par_1_22' title="bbox 292 3246 1385 3403">
     <span class='ocr_line' id='line_1_35' title="bbox 333 3246 1385 3328; baseline 0.004 -23"><span class='ocrx_word' id='word_1_242' title='bbox 333 3246 461 3307; x_wconf 80' lang='lat' dir='ltr'><strong>MERC.</strong></span> <span class='ocrx_word' id='word_1_243' title='bbox 484 3252 536 3321; x_wconf 86' lang='lat' dir='ltr'><strong>At,</strong></span> <span class='ocrx_word' id='word_1_244' title='bbox 552 3250 571 3308; x_wconf 85' lang='lat' dir='ltr'><strong>d</strong></span> <span class='ocrx_word' id='word_1_245' title='bbox 586 3254 701 3328; x_wconf 85' lang='lat' dir='ltr'><strong>miselle,</strong></span> <span class='ocrx_word' id='word_1_246' title='bbox 716 3251 874 3310; x_wconf 81' lang='lat' dir='ltr'><strong>eradicabit</strong></span> <span class='ocrx_word' id='word_1_247' title='bbox 895 3270 940 3308; x_wconf 88' lang='lat' dir='ltr'><strong>me</strong></span> <span class='ocrx_word' id='word_1_248' title='bbox 951 3247 1081 3327; x_wconf 85' lang='lat' dir='ltr'><strong>Jupiter,</strong></span> <span class='ocrx_word' id='word_1_249' title='bbox 1101 3253 1155 3309; x_wconf 89' lang='lat' dir='ltr'><strong>nisi</strong></span> <span class='ocrx_word' id='word_1_250' title='bbox 1177 3253 1239 3309; x_wconf 90' lang='lat' dir='ltr'><strong>alto</strong></span> <span class='ocrx_word' id='word_1_251' title='bbox 1261 3253 1385 3311; x_wconf 77' lang='lat' dir='ltr'><strong>clamore</strong></span> 
     </span>
     <span class='ocr_line' id='line_1_36' title="bbox 292 3328 578 3403; baseline 0.021 -18"><span class='ocrx_word' id='word_1_252' title='bbox 292 3328 360 3387; x_wconf 77' lang='lat' dir='ltr'><strong>baec·</strong></span> <span class='ocrx_word' id='word_1_253' title='bbox 368 3332 459 3403; x_wconf 83' lang='lat' dir='ltr'><strong>palam</strong></span> <span class='ocrx_word' id='word_1_254' title='bbox 472 3329 578 3392; x_wconf 75' lang='lat' dir='ltr'><strong>secero.</strong></span> 
     </span>
    </p>

    <p class='ocr_par' dir='ltr' id='par_1_23' title="bbox 292 3408 1406 3678">
     <span class='ocr_line' id='line_1_37' title="bbox 332 3408 1383 3491; baseline 0.003 -25"><span class='ocrx_word' id='word_1_255' title='bbox 332 3409 460 3470; x_wconf 80' lang='lat' dir='ltr'><strong>TRYG.</strong></span> <span class='ocrx_word' id='word_1_256' title='bbox 482 3411 552 3473; x_wconf 85' lang='lat' dir='ltr'><strong>Noli</strong></span> <span class='ocrx_word' id='word_1_257' title='bbox 565 3428 640 3469; x_wconf 83' lang='lat' dir='ltr'><strong>nunc</strong></span> <span class='ocrx_word' id='word_1_258' title='bbox 653 3414 783 3476; x_wconf 86' lang='lat' dir='ltr'><strong>clamare,</strong></span> <span class='ocrx_word' id='word_1_259' title='bbox 806 3414 926 3491; x_wconf 83' lang='lat' dir='ltr'><strong>obsecro</strong></span> <span class='ocrx_word' id='word_1_260' title='bbox 949 3417 987 3479; x_wconf 84' lang='lat' dir='ltr'><strong>tr,</strong></span> <span class='ocrx_word' id='word_1_261' title='bbox 1007 3408 1193 3469; x_wconf 88' lang='lat' dir='ltr'><strong>Mercuriole.</strong></span> <span class='ocrx_word' id='word_1_262' title='bbox 1236 3409 1303 3471; x_wconf 86' lang='lat' dir='ltr'><strong>Vos</strong></span> <span class='ocrx_word' id='word_1_263' title='bbox 1317 3432 1383 3471; x_wconf 85' lang='lat' dir='ltr'><strong>reru</strong></span> 
     </span>
     <span class='ocr_line' id='line_1_38' title="bbox 292 3490 1406 3567; baseline 0.001 -20"><span class='ocrx_word' id='word_1_264' title='bbox 292 3492 379 3549; x_wconf 88' lang='lat' dir='ltr'><strong>dicite</strong></span> <span class='ocrx_word' id='word_1_265' title='bbox 391 3492 468 3558; x_wconf 87' lang='lat' dir='ltr'><strong>mibi,</strong></span> <span class='ocrx_word' id='word_1_266' title='bbox 483 3495 551 3566; x_wconf 88' lang='lat' dir='ltr'><strong>quid</strong></span> <span class='ocrx_word' id='word_1_267' title='bbox 563 3494 668 3551; x_wconf 86' lang='lat' dir='ltr'><strong>accidit</strong></span> <span class='ocrx_word' id='word_1_268' title='bbox 680 3493 784 3551; x_wconf 72' lang='lat' dir='ltr'><strong>rolris?</strong></span> <span class='ocrx_word' id='word_1_269' title='bbox 807 3494 847 3551; x_wconf 90' lang='lat' dir='ltr'><strong>sic</strong></span> <span class='ocrx_word' id='word_1_270' title='bbox 859 3494 938 3550; x_wconf 85' lang='lat' dir='ltr'><strong>statis</strong></span> <span class='ocrx_word' id='word_1_271' title='bbox 951 3490 1092 3550; x_wconf 76' lang='lat' dir='ltr'><strong>attoniti?</strong></span> <span class='ocrx_word' id='word_1_272' title='bbox 1107 3492 1125 3549; x_wconf 86' lang='grc' dir='ltr'><strong><em>ὂ</em></strong></span> <span class='ocrx_word' id='word_1_273' title='bbox 1139 3491 1257 3567; x_wconf 88' lang='lat' dir='ltr'><strong>perditi,</strong></span> <span class='ocrx_word' id='word_1_274' title='bbox 1272 3512 1311 3550; x_wconf 85' lang='lat' dir='ltr'><strong>ue</strong></span> <span class='ocrx_word' id='word_1_275' title='bbox 1322 3512 1382 3567; x_wconf 86' lang='lat' dir='ltr'><strong>par·</strong></span> <span class='ocrx_word' id='word_1_276' title='bbox 1405 3549 1406 3558; x_wconf 58' lang='grc'>,</span> 
     </span>
     <span class='ocr_line' id='line_1_39' title="bbox 292 3572 1383 3645; baseline 0.001 -17"><span class='ocrx_word' id='word_1_277' title='bbox 292 3572 350 3629; x_wconf 89' lang='lat' dir='ltr'><strong>cite</strong></span> <span class='ocrx_word' id='word_1_278' title='bbox 371 3573 521 3645; x_wconf 86' lang='lat' dir='ltr'><strong>praeibus;</strong></span> <span class='ocrx_word' id='word_1_279' title='bbox 545 3573 589 3631; x_wconf 87' lang='lat' dir='ltr'><strong>siu</strong></span> <span class='ocrx_word' id='word_1_280' title='bbox 613 3578 712 3642; x_wconf 89' lang='lat' dir='ltr'><strong>miuus,</strong></span> <span class='ocrx_word' id='word_1_281' title='bbox 735 3574 884 3633; x_wconf 88' lang='lat' dir='ltr'><strong>consilinm</strong></span> <span class='ocrx_word' id='word_1_282' title='bbox 906 3579 1035 3630; x_wconf 89' lang='lat' dir='ltr'><strong>nostrum</strong></span> <span class='ocrx_word' id='word_1_283' title='bbox 1056 3576 1182 3631; x_wconf 90' lang='lat' dir='ltr'><strong>clamore</strong></span> <span class='ocrx_word' id='word_1_284' title='bbox 1205 3574 1383 3633; x_wconf 86' lang='lat' dir='ltr'><strong>denuntiabit</strong></span> 
     </span>
    </p>

    <p class='ocr_par' dir='ltr' id='par_1_24' title="bbox 291 3728 1383 3970">
     <span class='ocr_line' id='line_1_40' title="bbox 331 3728 1383 3810; baseline -0.001 -20"><span class='ocrx_word' id='word_1_285' title='bbox 331 3728 454 3791; x_wconf 85' lang='lat' dir='ltr'><strong>CHOR.</strong></span> <span class='ocrx_word' id='word_1_286' title='bbox 477 3731 659 3807; x_wconf 90' lang='lat' dir='ltr'><strong>Neutiquam,</strong></span> <span class='ocrx_word' id='word_1_287' title='bbox 674 3733 691 3791; x_wconf 85' lang='grc' dir='ltr'><strong>ὂ</strong></span> <span class='ocrx_word' id='word_1_288' title='bbox 707 3734 820 3792; x_wconf 93' lang='lat' dir='ltr'><strong>domiue</strong></span> <span class='ocrx_word' id='word_1_289' title='bbox 833 3732 974 3810; x_wconf 85' lang='lat' dir='ltr'><strong>Mercuri,</strong></span> <span class='ocrx_word' id='word_1_290' title='bbox 988 3736 1153 3809; x_wconf 83' lang='lat' dir='ltr'><strong>neutiquam</strong></span> <span class='ocrx_word' id='word_1_291' title='bbox 1167 3732 1223 3791; x_wconf 84' lang='lat' dir='ltr'><strong>hoc</strong></span> <span class='ocrx_word' id='word_1_292' title='bbox 1235 3733 1349 3801; x_wconf 80' lang='lat' dir='ltr'><strong>feceris,</strong></span> <span class='ocrx_word' id='word_1_293' title='bbox 1362 3731 1383 3789; x_wconf 87' lang='lat' dir='ltr'><strong>si</strong></span> 
     </span>
     <span class='ocr_line' id='line_1_41' title="bbox 291 3816 1382 3890; baseline 0.001 -21"><span class='ocrx_word' id='word_1_294' title='bbox 291 3830 375 3885; x_wconf 81' lang='lat' dir='ltr'><strong>quens</strong></span> <span class='ocrx_word' id='word_1_295' title='bbox 388 3824 499 3889; x_wconf 74' lang='lat' dir='ltr'><strong>gratum</strong></span> <span class='ocrx_word' id='word_1_296' title='bbox 513 3820 544 3872; x_wconf 87' lang='lat' dir='ltr'><strong>et</strong></span> <span class='ocrx_word' id='word_1_297' title='bbox 556 3823 705 3889; x_wconf 87' lang='lat' dir='ltr'><strong>acceptum</strong></span> <span class='ocrx_word' id='word_1_298' title='bbox 716 3816 770 3873; x_wconf 90' lang='lat' dir='ltr'><strong>tibi</strong></span> <span class='ocrx_word' id='word_1_299' title='bbox 782 3817 938 3890; x_wconf 89' lang='lat' dir='ltr'><strong>porcellum</strong></span> <span class='ocrx_word' id='word_1_300' title='bbox 951 3836 970 3874; x_wconf 94' lang='lat' dir='ltr'><strong>a</strong></span> <span class='ocrx_word' id='word_1_301' title='bbox 983 3834 1028 3873; x_wconf 89' lang='lat' dir='ltr'><strong>me</strong></span> <span class='ocrx_word' id='word_1_302' title='bbox 1047 3817 1173 3873; x_wconf 89' lang='lat' dir='ltr'><strong>oblatum</strong></span> <span class='ocrx_word' id='word_1_303' title='bbox 1188 3816 1344 3873; x_wconf 87' lang='lat' dir='ltr'><strong>meministi</strong></span> <span class='ocrx_word' id='word_1_304' title='bbox 1357 3822 1382 3871; x_wconf 90' lang='lat' dir='ltr'><strong>te</strong></span> 
     </span>
     <span class='ocr_line' id='line_1_42' title="bbox 291 3894 1217 3970; baseline 0.004 -20"><span class='ocrx_word' id='word_1_305' title='bbox 291 3895 451 3967; x_wconf 83' lang='lat' dir='ltr'><strong>comedere,</strong></span> <span class='ocrx_word' id='word_1_306' title='bbox 467 3912 520 3953; x_wconf 88' lang='lat' dir='ltr'><strong>uec</strong></span> <span class='ocrx_word' id='word_1_307' title='bbox 533 3896 664 3952; x_wconf 91' lang='lat' dir='ltr'><strong>meritum</strong></span> <span class='ocrx_word' id='word_1_308' title='bbox 677 3896 746 3952; x_wconf 90' lang='lat' dir='ltr'><strong>illud</strong></span> <span class='ocrx_word' id='word_1_309' title='bbox 760 3897 948 3969; x_wconf 81' lang='lat' dir='ltr'><strong>parvipendas</strong></span> <span class='ocrx_word' id='word_1_310' title='bbox 961 3899 1034 3954; x_wconf 87' lang='lat' dir='ltr'><strong>istoc</strong></span> <span class='ocrx_word' id='word_1_311' title='bbox 1046 3898 1076 3954; x_wconf 91' lang='lat' dir='ltr'><strong>in</strong></span> <span class='ocrx_word' id='word_1_312' title='bbox 1088 3894 1217 3970; x_wconf 84' lang='lat' dir='ltr'><strong>negotio.</strong></span> 
     </span>
    </p>

    <p class='ocr_par' dir='ltr' id='par_1_25' title="bbox 330 3972 1405 4050">
     <span class='ocr_line' id='line_1_43' title="bbox 330 3972 1405 4050; baseline 0.003 -21"><span class='ocrx_word' id='word_1_313' title='bbox 330 3972 458 4033; x_wconf 82' lang='lat' dir='ltr'><strong>TRYG.</strong></span> <span class='ocrx_word' id='word_1_314' title='bbox 483 3975 512 4032; x_wconf 93' lang='lat' dir='ltr'>N</span> <span class='ocrx_word' id='word_1_315' title='bbox 515 3994 552 4031; x_wconf 89' lang='lat' dir='ltr'><strong>ou</strong></span> <span class='ocrx_word' id='word_1_316' title='bbox 568 3976 656 4042; x_wconf 88' lang='lat' dir='ltr'><strong>audis,</strong></span> <span class='ocrx_word' id='word_1_317' title='bbox 670 3982 703 4033; x_wconf 86' lang='lat' dir='ltr'><strong>ut</strong></span> <span class='ocrx_word' id='word_1_318' title='bbox 716 3975 867 4034; x_wconf 90' lang='lat' dir='ltr'><strong>adulentur</strong></span> <span class='ocrx_word' id='word_1_319' title='bbox 880 3978 943 4050; x_wconf 88' lang='lat' dir='ltr'><strong>tibi,</strong></span> <span class='ocrx_word' id='word_1_320' title='bbox 963 3978 981 4035; x_wconf 83' lang='grc' dir='ltr'><strong>ὃ</strong></span> <span class='ocrx_word' id='word_1_321' title='bbox 996 3975 1062 4034; x_wconf 82' lang='lat' dir='ltr'><strong>Rex</strong></span> <span class='ocrx_word' id='word_1_322' title='bbox 1075 3974 1209 4034; x_wconf 88' lang='lat' dir='ltr'><strong>domiue?</strong></span> <span class='ocrx_word' id='word_1_323' title='bbox 1404 4019 1405 4042; x_wconf 56' lang='lat'><strong>,</strong></span> 
     </span>
    </p>

    <p class='ocr_par' dir='ltr' id='par_1_26' title="bbox 288 4047 1405 4377">
     <span class='ocr_line' id='line_1_44' title="bbox 329 4047 1405 4132; baseline 0.001 -22"><span class='ocrx_word' id='word_1_324' title='bbox 329 4052 451 4111; x_wconf 76' lang='lat' dir='ltr'><strong>CHOR.</strong></span> <span class='ocrx_word' id='word_1_325' title='bbox 467 4054 516 4113; x_wconf 84' lang='lat' dir='ltr'><strong>Ne</strong></span> <span class='ocrx_word' id='word_1_326' title='bbox 525 4056 577 4115; x_wconf 75' lang='lat' dir='ltr'><strong>das</strong></span> <span class='ocrx_word' id='word_1_327' title='bbox 586 4060 675 4116; x_wconf 87' lang='lat' dir='ltr'><strong>iratus</strong></span> <span class='ocrx_word' id='word_1_328' title='bbox 685 4075 719 4114; x_wconf 83' lang='lat' dir='ltr'><strong>ex</strong></span> <span class='ocrx_word' id='word_1_329' title='bbox 730 4058 858 4131; x_wconf 85' lang='lat' dir='ltr'><strong>propitio</strong></span> <span class='ocrx_word' id='word_1_330' title='bbox 871 4058 1047 4132; x_wconf 88' lang='lat' dir='ltr'><strong>supplicibus</strong></span> <span class='ocrx_word' id='word_1_331' title='bbox 1060 4055 1289 4127; x_wconf 65' lang='lat' dir='ltr'><strong>uenientium</strong></span> <span class='ocrx_word' id='word_1_332' title='bbox 1311 4073 1379 4111; x_wconf 88' lang='lat' dir='ltr'><strong>nan·</strong></span> <span class='ocrx_word' id='word_1_333' title='bbox 1404 4047 1405 4086; x_wconf 58' lang='lat'>¹</span> 
     </span>
     <span class='ocr_line' id='line_1_45' title="bbox 290 4134 1380 4212; baseline 0 -20"><span class='ocrx_word' id='word_1_334' title='bbox 290 4134 357 4192; x_wconf 89' lang='lat' dir='ltr'><strong>cisci</strong></span> <span class='ocrx_word' id='word_1_335' title='bbox 373 4152 565 4207; x_wconf 84' lang='lat' dir='ltr'><strong>nequeamus:</strong></span> <span class='ocrx_word' id='word_1_336' title='bbox 590 4138 639 4197; x_wconf 90' lang='lat' dir='ltr'><strong>sed</strong></span> <span class='ocrx_word' id='word_1_337' title='bbox 652 4138 921 4212; x_wconf 82' lang='lat' dir='ltr'><strong>gratificarenobis,</strong></span> <span class='ocrx_word' id='word_1_338' title='bbox 943 4138 962 4196; x_wconf 85' lang='grc' dir='ltr'><strong><em>ὂ</em></strong></span> <span class='ocrx_word' id='word_1_339' title='bbox 983 4137 1192 4208; x_wconf 82' lang='lat' dir='ltr'><strong>humanissime,</strong></span> <span class='ocrx_word' id='word_1_340' title='bbox 1216 4143 1246 4193; x_wconf 91' lang='lat' dir='ltr'><strong>et</strong></span> <span class='ocrx_word' id='word_1_341' title='bbox 1269 4136 1380 4195; x_wconf 87' lang='lat' dir='ltr'><strong>munifi·</strong></span> 
     </span>
     <span class='ocr_line' id='line_1_46' title="bbox 289 4214 1404 4291; baseline -0.004 -18"><span class='ocrx_word' id='word_1_342' title='bbox 289 4214 447 4273; x_wconf 69' lang='lat' dir='ltr'><strong>erulmsime</strong></span> <span class='ocrx_word' id='word_1_343' title='bbox 464 4218 594 4291; x_wconf 83' lang='lat' dir='ltr'><strong>deorum,</strong></span> <span class='ocrx_word' id='word_1_344' title='bbox 610 4219 633 4276; x_wconf 92' lang='lat' dir='ltr'><strong>si</strong></span> <span class='ocrx_word' id='word_1_345' title='bbox 653 4218 800 4277; x_wconf 84' lang='lat' dir='ltr'><strong>detestaris</strong></span> <span class='ocrx_word' id='word_1_346' title='bbox 820 4216 949 4277; x_wconf 73' lang='lat' dir='ltr'><strong>Prsaudri</strong></span> <span class='ocrx_word' id='word_1_347' title='bbox 970 4219 1070 4277; x_wconf 77' lang='lat' dir='ltr'><strong>cristas</strong></span> <span class='ocrx_word' id='word_1_348' title='bbox 1093 4224 1125 4277; x_wconf 73' lang='lat' dir='ltr'><strong>et</strong></span> <span class='ocrx_word' id='word_1_349' title='bbox 1145 4218 1317 4291; x_wconf 86' lang='lat' dir='ltr'><strong>supercilia:</strong></span> <span class='ocrx_word' id='word_1_350' title='bbox 1342 4217 1379 4273; x_wconf 89' lang='lat' dir='ltr'><strong>sic</strong></span> <span class='ocrx_word' id='word_1_351' title='bbox 1403 4263 1404 4268; x_wconf 73' lang='grc'>,</span> 
     </span>
     <span class='ocr_line' id='line_1_47' title="bbox 288 4296 1379 4377; baseline 0.001 -23"><span class='ocrx_word' id='word_1_352' title='bbox 288 4302 318 4354; x_wconf 89' lang='lat' dir='ltr'><strong>te</strong></span> <span class='ocrx_word' id='word_1_353' title='bbox 328 4296 450 4354; x_wconf 78' lang='lat' dir='ltr'><strong>uictimis</strong></span> <span class='ocrx_word' id='word_1_354' title='bbox 463 4300 560 4366; x_wconf 86' lang='lat' dir='ltr'><strong>sacris,</strong></span> <span class='ocrx_word' id='word_1_355' title='bbox 574 4306 603 4357; x_wconf 86' lang='lat' dir='ltr'><strong>et</strong></span> <span class='ocrx_word' id='word_1_356' title='bbox 616 4298 876 4374; x_wconf 86' lang='lat' dir='ltr'><strong>supplicationibus</strong></span> <span class='ocrx_word' id='word_1_357' title='bbox 892 4299 1049 4377; x_wconf 80' lang='lat' dir='ltr'><strong>magnificis</strong></span> <span class='ocrx_word' id='word_1_358' title='bbox 1060 4296 1279 4375; x_wconf 88' lang='lat' dir='ltr'><strong>honorabimus,</strong></span> <span class='ocrx_word' id='word_1_359' title='bbox 1295 4299 1316 4357; x_wconf 85' lang='lat' dir='ltr'><strong>d</strong></span> <span class='ocrx_word' id='word_1_360' title='bbox 1330 4299 1379 4355; x_wconf 92' lang='lat' dir='ltr'><strong>do·</strong></span> 
     </span>
    </p>
   </div>
   <div class='ocr_carea' id='block_1_3' title="bbox 234 4379 507 4453">
    <p class='ocr_par' dir='ltr' id='par_1_27' title="bbox 234 4379 507 4453">
     <span class='ocr_line' id='line_1_48' title="bbox 234 4379 507 4453; baseline -0.011 -17"><span class='ocrx_word' id='word_1_361' title='bbox 234 4380 236 4385; x_wconf 87' lang='lat'>&#39;</span> <span class='ocrx_word' id='word_1_362' title='bbox 285 4379 372 4453; x_wconf 74' lang='lat' dir='ltr'><strong>mins,</strong></span> <span class='ocrx_word' id='word_1_363' title='bbox 386 4394 507 4453; x_wconf 85' lang='lat' dir='ltr'><strong>semper.</strong></span> 
     </span>
    </p>
   </div>
   <div class='ocr_carea' id='block_1_4' title="bbox 0 0 1442 4984">
    <p class='ocr_par' dir='ltr' id='par_1_28' title="bbox 0 0 1442 4984">
     <span class='ocr_line' id='line_1_49' title="bbox 0 0 1442 4984; baseline 0 5"><span class='ocrx_word' id='word_1_364' title='bbox 0 0 1442 4984; x_wconf 95' lang='lat' dir='ltr'><strong> </strong></span> 
     </span>
    </p>
   </div>
  </div>
 </body>
</html>
