2875 4984
258 324 321 387 soe
486 287 489 292 ’
600 315 1001 403 au1suernau1s

295 475 429 540 Plsru.
450 474 556 537 Omnes
568 474 673 553 verbis,
687 482 822 551 unquam
834 477 897 553 alis,
910 476 1103 536 extolluntur.

299 559 388 620 SYC.
410 555 540 617 Omnes?

297 638 425 700 Pss‘rfl.
440 636 471 699 N
473 656 550 697 enne
557 636 687 697 audivisti
698 639 729 697 in
739 640 887 699 tonstrinis
898 645 992 715 patres
1006 637 1156 697 identidem
1167 635 1267 695 dicere
1279 634 1367 694 ade·

257 722 443 784 lesceutulia?
465 718 595 795 Mirsfice
604 728 730 795 gnatum
739 738 832 779 mcum
843 720 1090 779 adolescentulum
1098 716 1276 796 Diitrephes
1287 734 1366 773 ser·
1400 774 1401 783 ,

258 806 397 865 morsibus
409 804 483 875 suis,
493 804 579 878 quusi
589 802 647 859 alis
661 803 782 877 additis,
797 801 929 879 impulit,
944 807 1074 877 alequas
1085 802 1228 875 agitaret.
1264 796 1365 855 Alius

261 904 331 945 sere
346 884 485 959 quispiam
502 882 572 939 dicit
584 881 674 939 filium
693 901 775 939 suum
789 883 826 939 ed
843 882 1005 942 scribendas
1023 880 1176 961 tragoedias
1196 881 1259 937 alas
1273 896 1362 937 sum·
1400 910 1401 957 p

261 968 340 1037 aisse,
355 969 531 1037 mentemque
542 961 606 1036 ejus
619 962 697 1021 circa
709 962 788 1021 illam
801 981 860 1020 rem
873 964 1001 1021 volitare.
1400 960 1401 975 ¹

301 1042 386 1104 SYC.
408 1042 526 1119 Ergone
537 1043 714 1101 sermonibus
728 1045 812 1102 etlam
825 1044 952 1101 homiues
966 1042 1034 1101 elati
1047 1041 1143 1101 dunt?
1400 1096 1401 1127 ,

301 1124 429 1185 PlSTH.
452 1123 478 1183 F
479 1126 554 1199 lunt,
569 1122 707 1197 iuquam:
730 1143 796 1183 num
810 1124 986 1183 sermonibus
1007 1123 1133 1180 sublimis
1155 1119 1276 1195 erigitur
1285 1120 1360 1177 arri.
1400 1130 1401 1199 i

219 1274 228 1279 ‚
260 1213 433 1282 mus,atque
444 1206 702 1264 bemocxtollitul.
745 1203 832 1264 ltate
854 1206 939 1265 stiam
961 1205 1170 1264 ereetumsolo
1193 1203 1259 1263 utili
1281 1220 1358 1261 era-
1400 1206 1401 1275 i

261 1289 365 1347 tiones
386 1292 557 1346 convertere
568 1285 605 1343 ad
618 1303 707 1360 opera
718 1287 849 1347 honesta.
1400 1278 1401 1347 l

301 1366 387 1426 sYc.
410 1368 452 1425 at
464 1386 519 1441 ego
530 1367 611 1424 nolo.

300 1446 432 1507 HSTH.
453 1447 529 1515 Quid
541 1465 610 1523 ergo
623 1444 734 1505 facies?
1400 1482 1401 1517 3

300 1527 387 1589 SYC.
409 1527 538 1587 Familiae
550 1547 619 1587 men
631 1529 702 1584 nolo
714 1545 774 1587 esse
786 1527 930 1586 dedecori.
971 1527 1090 1585 Avitum
1100 1525 1169 1585 mihi
1185 1526 1355 1599 vitaegcnuu

263 1617 309 1671 ost
321 1612 478 1669 delatorem
490 1627 584 1683 agere.
624 1608 679 1667 Sed
693 1608 1158 1667 tumealisiustruerelocibnset
1172 1608 1354 1678 leuibue,ac·

262 1689 386 1766 cipitris,
399 1698 453 1747 aut
470 1691 576 1765 strigis,
591 1694 636 1763 ut,
649 1696 800 1763 postquam
815 1690 977 1764 peregrinos
991 1691 1129 1765 citavere,
1143 1694 1174 1743 et
1186 1706 1287 1745 corum
1299 1686 1353 1742 de·

262 1770 332 1833 iude
344 1771 403 1828 illic
423 1770 502 1845 apud
523 1771 704 1845 magistratus
721 1770 838 1828 uomina
862 1771 1001 1847 detulero,
1017 1779 1118 1845 postea
1140 1786 1255 1825 rursum
1276 1769 1352 1825 istuc

263 1852 369 1910 'demo
437 1881 439 1884 '
1400 1894 1401 1905 i

182 1947 187 1951 ·
304 1928 434 1991 PISTH.
455 1927 610 2006 Intellige:
632 1930 672 1988 sic
686 1928 779 1988 dicis:
801 1931 979 1989 ninimirum
991 1930 1197 1995 condemnetur
1210 1928 1284 2004 illic,
1299 1946 1349 1986 an·
1400 1928 1401 2007 ζ

263 2011 600 2086 tequameoadreuerit,
612 2013 785 2088 peregrinus.
1400 2008 1401 2039 l

306 2090 392 2151 SYC.
415 2090 537 2151 Prorsus
549 2093 690 2167 intelligis.
1400 2114 1401 2159 3

305 2171 434 2232 PISTH.
456 2172 526 2231 Post
539 2174 563 2229 is
583 2174 696 2246 quim
710 2173 778 2230 illuc
795 2172 910 2246 nauigat
923 2188 1034 2229 causam
1048 2170 1198 2243 dictums3
1222 2176 1254 2227 tu
1278 2184 1347 2227 uero
1400 2200 1401 2261 ,

265 2255 377 2315 interea
389 2253 461 2309 istuc
474 2251 594 2322 revolas,
607 2259 743 2326 rapturus
756 2251 820 2326 ejus
830 2255 917 2309 bona.
1400 2264 1401 2307 l

304 2330 390 2392 SYC.
413 2332 484 2389 Rem
497 2338 586 2389 tenes.
614 2332 657 2390 ‘A
669 2334 784 2389 turbine
797 2332 868 2389 nihil
880 2349 924 2389 me
936 2332 1050 2391 differre
1063 2336 1191 2407 oportet.
1400 2348 1401 2389 i

305 2410 432 2471 PlS'ffl.
452 2411 587 2485 Intelligo
600 2414 752 2471 turbinem.
781 2412 876 2487 Atque
887 2415 990 2489 edepol
1003 2418 1069 2471 suut
1077 2412 1145 2471 mihi
1153 2410 1346 2487 pulcherrima

263 2495 318 2553 alec
333 2490 488 2568 Corcyreo
500 2491 706 2565 hujuscemodi.

305 2571 393 2633 SYC.
417 2571 468 2631 Vae
481 2572 550 2630 mibi
561 2573 682 2633 misere!
703 2573 840 2632 scuticam
850 2574 948 2631 babes.
1400 2570 1401 2645 l

303 2651 436 2714 Plsun.
456 2653 527 2711 Alas
539 2654 660 2728 quidem,
673 2656 779 2729 quibus
793 2674 847 2732 ego
860 2655 945 2714 bodie
959 2660 987 2715 te
1001 2656 1090 2714 iastm
1111 2653 1234 2713 turbinis
1247 2651 1347 2713 taciem
1400 2650 1401 2713 l

265 2734 473 2795 circumrotari.
1400 2750 1401 2799 ξ

305 2813 391 2874 SYC.
412 2814 475 2873 Heu
485 2833 532 2874 me
545 2815 695 2875 misarum!
1400 2836 1401 2871 l

306 2894 434 2957 Plsule
453 2894 525 2953 Non
546 2895 615 2953 binc
626 2894 777 2955 avolabis?
803 2914 863 2957 uon
885 2902 918 2955 tu
938 2896 1004 2954 binc
1018 2896 1098 2953 ocius
1120 2895 1151 2954 iu
1164 2897 1267 2953 malam
1289 2911 1345 2951 rem

266 2977 370 3053 abibis,
385 2976 592 3052 perditissime?
613 2979 744 3036 acerbam
755 2977 814 3053 jam
826 2994 902 3036 nuuc
914 2976 1070 3053 experieris
1082 2977 1264 3052 pervertendi
1275 2974 1345 3052 juris
1400 2996 1401 3051 3

267 3059 414 3117 malitiam.
454 3054 875 3117 Nosabeamnscellectisalis.
1278 3127 1280 3131 .
1400 3060 1401 3115 ἶ

308 3134 433 3194 CHOR.
455 3134 550 3195 Multa
562 3144 673 3196 sancet
685 3156 762 3198 nova
782 3144 811 3196 et
823 3139 964 3213 mirabilia
983 3138 1131 3196 velitando
1153 3135 1344 3213 cognorimus,
1400 3186 1401 3213 ἶ

266 3222 299 3276 et
321 3234 365 3274 res
389 3215 521 3288 vidimus,
534 3234 602 3289 quas
628 3236 714 3277 nemo
733 3219 817 3279 facile
838 3222 946 3278 credet.
988 3219 1081 3277 Euata
1102 3225 1146 3275 est
1166 3220 1241 3275 enim
1262 3218 1345 3275 arbor
1400 3222 1401 3287 ξ

266 3298 397 3372 quedam
410 3298 553 3372 peregrini
562 3300 714 3374 admodum
726 3310 756 3360 et
768 3300 884 3359 inauditi
896 3302 1017 3376 generis,
1032 3320 1050 3359 a
1063 3300 1151 3357 corde
1162 3298 1345 3373 longiuscule,
1400 3308 1401 3369 g

268 3376 443 3455 Cleonymus
454 3378 543 3454 dicta,
557 3382 630 3438 nulli
644 3383 757 3455 quidem
769 3384 810 3441 rei
822 3383 911 3456 utilis,
921 3386 951 3439 at
963 3383 1004 3440 sic
1021 3387 1115 3439 tamen
1136 3380 1235 3437 timida
1248 3385 1279 3437 et
1290 3396 1346 3436 me
1400 3372 1401 3438 l

265 3477 335 3535 gna.
375 3457 447 3518 Haec
459 3477 526 3518 rere
538 3479 650 3536 semper
662 3465 813 3538 germinat,
825 3468 854 3520 et
867 3464 1070 3541 sycophantias
1082 3462 1161 3520 edit:
1177 3465 1208 3518 at
1219 3460 1247 3519 ei
1260 3461 1346 3517 bierm
1400 3462 1401 3535 J

266 3557 369 3600 rursus
389 3538 495 3617 clypei,
514 3546 647 3617 tuaquom
667 3544 749 3616 tolia,
769 3545 909 3603 defluunt.
950 3542 1001 3601 E'st
1020 3544 1116 3601 itidem
1138 3543 1220 3600 locus
1250 3540 1346 3613 aliquis

266 3621 343 3695 apud
354 3622 430 3697 ipsas
443 3622 583 3698 tenebras,
597 3624 664 3682 binc
676 3628 777 3699 procul
791 3628 820 3684 iu
841 3626 1018 3700 lucernarum
1033 3622 1154 3697 rustitio,
1165 3622 1216 3679 ubi
1226 3638 1292 3680 eum
1301 3623 1345 3679 be-
1400 3624 1401 3633 ’

266 3703 366 3760 roibus
379 3702 506 3761 homines
520 3722 579 3763 una
591 3707 734 3779 prandent
746 3713 776 3765 ct
791 3712 1005 3782 conversantur,
1019 3712 1211 3782 preterquam
1228 3703 1343 3777 vesperi.

266 3778 302 3838 Id
315 3784 390 3841 culm
404 3783 544 3858 temporis
556 3804 617 3845 noa
629 3788 751 3862 mnplius
763 3794 827 3845 erat
840 3794 934 3845 tutum
943 3790 1058 3847 obuiam
1065 3788 1121 3844 illis
1132 3786 1203 3843 lieri.
1245 3783 1275 3843 Si
1288 3782 1344 3857 quis
1400 3814 1401 3861 l

267 3862 343 3919 enim
367 3865 530 3925 macutum
553 3867 727 3928 occurrisset
748 3867 859 3928 oreste
883 3867 966 3927 berei
995 3874 1095 3937 noctu,
1120 3866 1281 3924 nudabatur
1303 3884 1344 3923 re·
1400 3868 1401 3939 ᾗ

267 3940 370 4081 ἱῒέἰιιε,
393 3943 432 4004 ab
459 3963 553 4024 eoque
575 3937 791 4026 percutiebatur
812 3954 909 4027 partes
940 3950 1071 4027 corporis
1094 3965 1224 4025 quasque
1244 3947 1342 4007 nobili·
1400 3952 1401 4003 l
