2875 4984
450 425 454 431 -
515 392 703 477 vos-rm.
1080 400 1141 459 sss

32 554 85 608 tem
99 550 227 611 amatlss
254 568 331 611 nam
344 552 476 611 incusare
497 558 672 629 spectatores
684 556 779 627 poeta
800 570 876 611 nnnc
900 552 989 613 libido
1011 556 1074 613 est:
1097 556 1139 613 ait

32 633 103 689 enirn
116 651 169 692 ros
182 634 217 690 in
233 652 269 691 se
283 634 411 709 injurios
427 651 498 709 esse,
511 635 548 692 dc
561 635 663 707 quibus
677 636 760 709 prior
771 651 847 708 saepe
861 637 1063 693 benemeritus
1084 644 1139 707 est,

32 716 132 786 partim
144 732 211 771 uon
224 722 350 789 aperte,
364 714 412 773 sed
426 716 497 773 clam
520 715 654 791 adjutam
676 718 749 774 alios
774 716 887 789 poetas,
900 734 985 789 quum
1009 714 1141 793 Euryclia

33 794 244 853 divinationem
261 802 297 854 et
312 802 434 853 mentem
445 795 583 867 imitatus,
595 796 627 853 in
641 797 748 855 alienos
762 797 901 869 ingressus
914 804 1038 870 ventres,
1052 802 1141 855 comi·

34 892 77 930 cas
91 878 202 933 multas
218 878 311 935 ludit
322 877 455 933 tabulas:
478 878 582 952 partim
594 895 664 935 vero
678 885 777 951 aperte
791 883 900 951 postea,
915 896 1002 950 quum
1024 880 1143 951 ipsemet

34 972 117 1011 ausus
130 968 178 1013 est
193 959 369 1031 pericnlum
381 957 486 1031 subire,
501 975 560 1014 non
574 958 740 1032 alienarum,
753 958 801 1017 sed
814 975 930 1015 suarum
943 958 1031 1031 ipsius
1046 957 1144 1019 Musa-

35 1054 94 1092 rum
108 1055 164 1095 ora
185 1039 365 1110 moderans.
407 1037 500 1105 Quum
519 1043 612 1095 summ
635 1040 722 1095 tantis
743 1038 899 1096 honoribus
923 1039 1013 1097 elatus
1033 1040 1144 1113 fuisset,

36 1120 146 1187 quantis
159 1120 318 1176 nerninem
332 1119 504 1176 mactavistis
524 1136 660 1192 unquam,
676 1127 762 1193 negat
782 1117 932 1176 credidisse
954 1136 983 1176 se
1005 1136 1144 1177 stammam

38 1199 162 1271 attigisse
178 1200 350 1274 fastigium,
366 1212 418 1256 aut
431 1199 553 1256 tumidos
565 1201 683 1273 spiritns
697 1200 837 1268 sumsisse,
847 1206 876 1256 et
885 1200 1033 1272 palaestras
1043 1202 1145 1259 comis.

40 1280 203 1335 sabaudum
211 1282 363 1338 ,circuisse
376 1286 410 1337 ut
422 1286 547 1338 tentaret
560 1298 662 1355 pueros
673 1298 683 1349 ς
705 1288 737 1338 et
749 1283 772 1339 si
784 1282 847 1355 quis
859 1287 971 1337 amator
984 1281 1019 1338 ad
1033 1301 1062 1339 se
1074 1298 1146 1355 pro.

40 1365 164 1430 peraret,
182 1360 315 1437 indigne
327 1362 421 1419 terens
434 1362 585 1437 perstringi
597 1364 733 1418 amasium
754 1378 846 1435 sunm,
859 1368 944 1435 negat
964 1380 994 1419 se
1016 1364 1067 1419 ulli
1090 1382 1145 1419 un.

43 1458 123 1509 qnam
138 1458 262 1499 morem
288 1443 413 1517 gessisse,
429 1442 550 1501 consilio
573 1460 640 1499 usus
663 1443 797 1516 bonesto,
820 1460 857 1499 ns
879 1440 1010 1500 videlicet
1034 1442 1145 1517 Musas,

43 1520 221 1589 quibuscum
237 1523 415 1597 consuescit,
431 1525 507 1580 lenas
519 1523 659 1579 redderet.
704 1522 742 1579 Et
762 1522 878 1593 quando
900 1524 1020 1596 primum
1043 1524 1147 1581 ducere

45 1599 142 1674 coepit,
169 1609 271 1677 negat
293 1622 323 1660 se
345 1604 471 1660 homines
492 1621 652 1677 aggressum
673 1602 785 1674 luisse;
816 1602 864 1659 sed
886 1602 1018 1670 horcrrleo
1038 1603 1146 1675 impetn

46 1682 168 1737 maxima
192 1691 333 1743 monstra
352 1683 483 1741 adortum
504 1702 534 1741 se
554 1686 606 1757 ait,
621 1702 710 1756 quum
734 1684 828 1741 statim
849 1684 887 1740 ab
909 1684 992 1741 initio
1014 1684 1146 1742 audacter

32 1777 221 1834 ,congressos
235 1772 285 1821 est
297 1781 362 1821 cum
373 1764 424 1821 illa
436 1765 549 1824 immani
563 1766 636 1822 rictu
651 1765 795 1823 horrenda
806 1766 898 1837 belna,
914 1764 994 1839 cujus
1007 1768 1044 1822 ab
1057 1767 1148 1822 oculis

52 1845 194 1901 terribiles
210 1844 329 1922 Cynnae
354 1846 425 1901 radii
450 1847 605 1919 micabant,
630 1853 803 1919 centumque
825 1846 921 1918 capita
940 1854 1147 1903 assentatorum

55 1924 321 1992 perditissimorum
337 1925 613 1985 circumlambebant
625 1926 652 1983 ei
665 1936 773 1999 caput:
797 1944 895 1984 vocem
910 1931 1005 1983 autem
1026 1927 1150 1983 babebat

58 2006 176 2076 gurgitis
191 2008 353 2079 perniciem
367 2008 455 2080 enixi,
470 2008 587 2063 odorem
610 2007 720 2079 pbocae,
734 2008 831 2065 illotos
853 2003 958 2064 Lamiae
980 2007 1086 2076 coleos,
1100 2024 1149 2062 cu.

57 2083 111 2139 lum
123 2087 245 2145 cameli.
289 2086 466 2163 Hujusmodi
486 2093 643 2145 monstrum
658 2106 744 2159 quum
768 2088 946 2161 conspicatus
969 2092 1051 2159 esset,
1066 2094 1152 2159 negat

56 2180 84 2218 se
97 2166 245 2242 timuisse,
261 2175 291 2225 et
303 2170 469 2227 muneribus
482 2168 511 2223 id
526 2169 699 2242 placarisse:
724 2177 820 2225 vetum
834 2168 987 2223 etiamnum
1000 2183 1055 2241 pro
1068 2167 1151 2224 robis

58 2254 180 2322 pugnat,
199 2251 302 2322 aitque
312 2268 344 2307 se
359 2256 464 2325 praetor
475 2250 549 2306 istud
562 2254 719 2307 monstrum
733 2249 854 2306 incubos
875 2252 905 2305 et
923 2246 1017 2331 febres
1037 2264 1152 2322 aggres-

57 2341 114 2383 sum
127 2330 288 2403 superiore
299 2349 387 2404 anno,
403 2332 454 2403 qni
467 2338 562 2404 patres
575 2332 794 2404 strangulabant
805 2335 907 2400 noctu,
920 2336 951 2387 et
971 2346 1039 2387 avos
1063 2328 1151 2386 suffo-

60 2408 171 2482 cabant,
185 2418 217 2467 et
233 2411 419 2470 innobilibus
441 2412 620 2485 incubantes,
635 2413 794 2485 quicunqne
818 2410 942 2468 vestrdm
964 2410 1029 2469 lites
1053 2412 1151 2481 odere,

59 2484 146 2556 litium
172 2492 413 2567 contestationes,
433 2498 463 2549 et
484 2494 643 2563 citationes,
656 2501 687 2549 et
708 2492 871 2549 testimonia
893 2492 948 2549 illis
972 2493 1152 2567 conglutina-

61 2566 138 2640 bant,
152 2571 196 2628 ita
210 2577 246 2629 nt
261 2573 497 2646 perterriti-multi
510 2574 547 2629 ad
558 2570 774 2629 Polemarclrum
788 2588 817 2627 se
832 2574 1021 2644 proriperent.
1051 2572 1152 2631 Talem

63 2650 201 2709 malornm
216 2654 412 2728 depulsorem,
426 2652 547 2726 hujusce
560 2660 743 2727 purgatorem
758 2651 890 2725 regionis,
905 2669 990 2733 qun-m
1010 2653 1153 2710 inveneri·

62 2729 105 2796 tie,
121 2734 219 2797 tamen
234 2752 312 2793 anno
324 2734 471 2809 superiore
485 2733 658 2809 prodidistis,
672 2737 811 2790 serentem
825 2732 979 2788 sententias
1002 2738 1085 2805 grata
1096 2750 1152 2790 no.

67 2807 150 2868 ritate
162 2817 417 2889 commendabiles,
432 2830 514 2887 quas,
528 2814 593 2885 quia
607 2810 666 2869 non
679 2818 758 2870 recte
771 2812 982 2881 intellexeratis,
996 2812 1152 2869 incremen-

66 2891 123 2946 tum
135 2912 244 2969 capere
259 2915 318 2953 non
332 2897 454 2954 sinistis:
476 2896 669 2968 quamvisper
683 2892 917 2969 Bacchumlinter
931 2892 1065 2949 libamina
1077 2908 1152 2965 sape

44 3038 48 3043 .
67 2969 186 3047 adjuret,
202 2996 346 3050 nunquam
360 2976 491 3035 meliores
503 2977 563 3034 istis
576 2993 673 3033 sersus
686 2976 810 3032 comicos
823 2992 991 3047 quemqnam
1003 2972 1151 3031 audivisse.

33 3047 37 3063 ’
66 3044 155 3113 Vobis
168 3057 283 3129 quidem
298 3065 381 3131 turpe
394 3064 437 3117 est
450 3075 508 3113 non
522 3057 616 3113 statim
630 3057 745 3112 illorum
758 3057 951 3127 prestantium
965 3055 1150 3129 cognovisse:

65 3132 111 3187 'dd
125 3138 216 3207 poeta
229 3139 317 3195 nibilo
330 3140 455 3196 deterior
467 3137 545 3211 apud
558 3137 699 3209 sapientes
709 3138 842 3210 habetur,
855 3138 879 3192 si
890 3140 1041 3209 postquam
1052 3136 1153 3193 adver«

68 3216 153 3275 sartos
166 3226 370 3291 praeterrectns
383 3225 436 3291 est,
450 3236 528 3291 spem
541 3218 668 3274 victuriae
683 3218 832 3291 confregit.
863 3215 907 3273 At
918 3217 948 3273 in
962 3220 1118 3291 posterum,
1133 3216 1152 3275 ὃ

73 3291 149 3371 bont,
166 3304 318 3372 po'e'tarum
331 3301 408 3374 iilos,
425 3300 475 3372 qni
488 3298 644 3355 studebunt
656 3298 763 3371 aliquid
775 3296 842 3353 novi
856 3297 950 3356 dicere
962 3306 992 3355 et
1012 3298 1150 3372 invenire,

71 3379 153 3449 magis
165 3387 258 3437 amate
270 3386 300 3437 at
313 3382 408 3452 colite,
423 3386 511 3454 atque
522 3396 624 3437 eorum
635 3377 789 3436 sententias
802 3385 912 3436 servate
925 3384 955 3435 et
967 3380 1113 3435 recondite
1122 3379 1153 3435 iu

71 3469 146 3513 arcas
160 3479 226 3517 cum
241 3462 340 3535 pomis.
383 3460 456 3519 llaec
468 3461 491 3519 si
504 3454 626 3534 facietis,
640 3464 705 3517 toto
727 3476 805 3517 anuo
827 3456 910 3515 vobis
934 3462 1024 3517 restes
1042 3458 1153 3517 redole.

72 3532 139 3593 bunt
152 3542 363 3599 dexteritatem.
873 3565 878 3574 “

111 3617 202 3679 SEM.
223 3622 252 3679 0
267 3641 319 3679 nos
333 3622 399 3678 olim
413 3622 503 3679 sortes
516 3622 545 3678 in
561 3621 667 3694 choris,
681 3618 771 3677 sortes
782 3620 811 3677 in
827 3617 943 3693 praeliis,
955 3620 994 3677 ob
1006 3620 1093 3692 idque
1106 3635 1153 3674 so·
1233 3682 1235 3687 ,
1292 3624 1295 3633 '

73 3694 126 3753 lum
135 3703 186 3758 viri
198 3703 392 3779 pugnacissiml
404 3702 412 3759 !
434 3700 511 3760 Olim
521 3703 583 3759 haec
592 3708 686 3773 erant,
698 3702 765 3757 olim
778 3720 787 3757 ε
804 3708 983 3758 truncantem
994 3703 1151 3773 perierunt,

77 3784 104 3833 et
116 3798 208 3856 cycno
218 3786 278 3859 jam
292 3784 469 3841 candidiores
481 3783 663 3840 efflorescunt
675 3781 704 3836 bi
719 3782 802 3838 nobis
817 3782 924 3855 capilli.
965 3782 1020 3840 Sed
1043 3780 1079 3837 eir
1093 3779 1153 3837 istis
1254 3796 1257 3802 ·

76 3857 156 3919 etiam
173 3866 297 3937 reliquiis
320 3870 437 3938 oportet
459 3864 549 3920 robur
573 3863 719 3920 adsumere
737 3861 877 3935 juvenile.
919 3860 981 3938 Ego
995 3878 1088 3917 meum
1110 3879 1154 3917 se.

77 3939 151 3998 ulum
165 3947 345 4017 prestantius
358 3957 417 4002 esse
431 3951 502 4020 puto
515 3944 670 4000 multorum
682 3944 896 4001 adolescentum
915 3942 1052 4000 cincinnis
1065 3946 1093 4001 et
1107 3960 1154 3999 or·

78 4027 142 4077 natu
158 4033 187 4081 et
201 4025 386 4098 impudicitia.

115 4102 237 4164 CHOR.
259 4106 287 4165 Si
310 4108 373 4178 quis
389 4104 524 4178 restrium,
548 4108 736 4180 spectatores,
759 4106 913 4177 conspecta
932 4120 995 4161 mea
1018 4121 1153 4178 persona,
1263 4134 1265 4138 ·

79 4180 202 4261 miretur,
216 4206 302 4260 quum
318 4188 413 4244 videat
434 4189 557 4244 medium
579 4204 625 4244 me
636 4186 768 4261 gracilem
783 4202 843 4243 esse
862 4184 967 4242 factum
988 4187 1018 4243 in
1040 4184 1155 4245 modum

80 4276 178 4345 respa,
188 4276 237 4325 aut
249 4284 313 4344 quae
326 4286 404 4327 mens
417 4270 454 4327 sit
470 4267 556 4344 bujus
568 4267 624 4325 mei
645 4267 748 4344 aculei,
761 4265 845 4327 tacite
866 4266 941 4326 bunc'
962 4285 1016 4343 ego
1029 4266 1153 4331 docebo,
