2875 4984
301 353 340 409 re
661 349 1053 444 uursronnuurs

340 501 435 564 CAR.
456 499 512 560 Sed
526 501 600 560 olrcl
622 505 730 562 omissis
740 506 801 580 jara
822 506 1061 580 onvillationibur,
1072 505 1110 564 ad
1124 503 1203 564 alind
1217 504 1325 566 cantici
1338 525 1387 582 ge·

297 599 353 640 nus
365 581 564 638 convertimini
577 603 584 638 ι
607 600 662 656 ego
675 593 770 642 antem
781 585 897 642 donum
909 588 1061 660 ingressus,
1072 588 1144 643 clam
1155 589 1227 644 lrero
1239 605 1320 660 meo,
1336 606 1385 644 ro-

297 661 328 716 lo
348 678 458 718 sumere
484 660 615 718 nonnihil
638 665 719 734 panis
744 671 774 720 et
792 668 906 734 carnis3
927 675 1011 739 atque
1037 668 1086 724 nbi
1106 666 1332 744 manducavero,
1346 668 1386 724 sic

296 743 399 812 postea
413 757 486 812 opus
499 742 592 798 obire.

338 817 460 879 cflort.
483 816 595 894 (Deest
607 822 798 880 contiuncula
809 819 932 892 Ultori.)

325 1043 590 1126 CllllEMYLUS,
606 1049 780 1125 CHORUS,
796 1048 1088 1126 BLEPSIDEMUS,
1102 1049 1354 1111 PAUPERTAS.

337 1227 491 1286 CHREM.
513 1227 542 1286 Si
556 1231 649 1286 salvos
662 1245 713 1286 ror
726 1243 787 1285 esse
797 1227 924 1302 jubeam,
940 1228 1134 1301 dpopulares,
1148 1247 1182 1285 ea
1192 1227 1252 1303 jam
1261 1230 1384 1302 antiqua

296 1315 380 1367 estet
394 1309 525 1366 obsoleta
535 1310 718 1382 compellatio
731 1325 741 1362 a
767 1305 866 1380 itaque
877 1315 1005 1364 amantor
1018 1325 1070 1364 vos
1097 1311 1286 1381 complector,
1300 1311 1383 1380 quod

296 1389 410 1446 venistis
423 1394 536 1460 promte
548 1394 578 1443 ct
588 1393 733 1455 contente,
745 1405 797 1442 nec
807 1387 975 1444 socorditer.
997 1385 1023 1442 F
1024 1389 1097 1443 acite
1107 1394 1199 1444 autern
1214 1390 1339 1444 utctiam
1351 1391 1381 1444 iu

296 1468 397 1526 ceteris
411 1469 494 1526 rebus
506 1467 575 1524 milri
588 1466 736 1541 adjutores
748 1467 856 1540 adsitis,
870 1467 1010 1538 simulque
1023 1465 1084 1524 reri
1095 1466 1180 1540 hujus
1193 1467 1238 1524 dei
1251 1475 1382 1526 serrato·

295 1566 458 1685 re=sdllOli.
479 1623 598 1685 Confido
610 1645 618 1682 r
641 1643 763 1699 namque
775 1625 895 1682 videbor
908 1625 960 1682 tibi
974 1641 1092 1704 prorsus
1100 1627 1232 1682 martium
1246 1625 1381 1698 quiddam
1422 1595 1424 1710 l

295 1707 407 1764 intueri.
450 1704 532 1762 Esset
543 1706 617 1762 enim
632 1705 797 1778 absurdum,
813 1706 836 1759 si
849 1711 970 1777 propter
982 1710 1039 1761 tres
1052 1704 1166 1775 quidem
1181 1706 1285 1762 obolos
1296 1705 1381 1762 iden-

294 1785 381 1842 tidem
394 1785 424 1840 iu
441 1785 580 1841 concione
597 1783 647 1839 alii
670 1784 741 1838 alios
761 1783 899 1839 trudimur
921 1790 952 1840 et
973 1783 1153 1858 impellimus,
1169 1786 1260 1858 ipsum
1281 1791 1380 1842 autem
1422 1807 1424 1852 l

294 1861 412 1920 Plutum
427 1870 539 1936 paterer
549 1881 566 1918 a
578 1878 725 1934 quoquam
739 1863 805 1918 milri
819 1864 902 1935 oripi.

336 1940 492 2000 CHREM.
515 1943 608 2012 Atqui
623 1941 801 1998 videoctiam
826 1934 1032 2014 Blepsidemum
1051 1942 1161 1998 lrnncce
1184 1943 1378 2000 accedentem.

292 2022 367 2080 Satis
379 2028 499 2095 apparet
512 2039 546 2078 ex
560 2023 670 2078 incessu
685 2020 748 2094 ejus
766 2019 1002 2096 criminatione,
1017 2039 1078 2078 eum
1092 2023 1197 2092 aliquid
1209 2024 1314 2080 harum
1334 2043 1378 2082 re·

293 2101 546 2160 ruminandivisse.
1420 2161 1424 2183 1

332 2178 446 2237 BLEP.
468 2179 543 2246 Quid
558 2177 613 2235 lroc
626 2179 668 2234 rei
682 2177 739 2236 siti
762 2180 836 2236 unde
848 2186 879 2236 et
887 2178 1034 2251 quomodo
1043 2178 1210 2254 Chremylus
1223 2183 1304 2240 dirus
1318 2185 1378 2240 iac.

292 2265 337 2317 tus
350 2261 386 2314 sit
400 2256 539 2330 repente?
560 2275 619 2312 non
635 2259 730 2312 credo.
771 2257 897 2315 Tametsi
920 2259 1061 2316 mehercle
1073 2277 1215 2317 sermones
1228 2265 1312 2320 multi
1335 2264 1377 2320 ie.

292 2341 429 2396 rebantur
443 2337 587 2393 hominum
599 2335 630 2392 in
640 2336 789 2396 tonstrinis
798 2338 995 2411 deridentium,
1005 2356 1070 2394 eum
1082 2345 1198 2410 repente
1210 2341 1320 2398 factum
1335 2362 1376 2398 es·
1422 2359 1424 2414 j

291 2416 460 2476 rediritem.
501 2413 553 2470 Est
564 2419 654 2470 autem
670 2432 734 2472 cum
749 2415 804 2472 hoc
817 2417 910 2488 ipsum
932 2418 1101 2484 mirandum,
1114 2426 1173 2474 tum
1186 2421 1277 2496 quod,
1292 2440 1376 2494 pros-
1422 2439 1424 2466 ²

293 2515 363 2632 pepla
375 2500 455 2567 utens
467 2493 597 2564 fortuna,
612 2495 717 2550 amicos
730 2496 858 2554 arcessit.
900 2496 970 2554 Non
983 2497 1128 2555 sauciarit
1141 2499 1195 2555 lroc
1208 2519 1265 2572 pro
1276 2519 1375 2574 recep·
1422 2471 1424 2596 l

293 2583 324 2633 to
355 2577 381 2631 ic
394 2593 487 2632 more.
842 2599 846 2604 ’
913 2619 917 2626 1
1422 2597 1424 2616 ¹

332 2652 457 2712 CHEM.
481 2652 533 2710 Sed
548 2653 616 2710 nihil
627 2653 757 2725 celando,
769 2655 809 2710 ita
816 2673 861 2712 me
873 2654 913 2711 dii
921 2661 1030 2728 ament,
1039 2655 1141 2726 dicam,
1153 2656 1172 2714 ὃ
1182 2657 1373 2730 Blepsideme.
1422 2627 1424 2718 l

290 2732 397 2792 Melius
407 2752 491 2808 quam
506 2734 566 2790 heri
579 2733 725 2789 nobiscum
739 2751 817 2790 nunc
826 2734 940 2809 agitur:
961 2735 1090 2805 adeoque
1104 2736 1273 2811 participem
1283 2745 1311 2797 te
1325 2740 1373 2798 fic.
1422 2735 1424 2810 l

291 2816 316 2873 ri
330 2815 482 2883 bonorum,
495 2813 566 2869 nihil
581 2813 736 2886 prohibet3
759 2831 788 2869 es
802 2815 877 2870 enirn
891 2832 963 2871 nnus
974 2832 1010 2870 ex
1022 2815 1130 2872 amicis.
1422 2835 1424 2944 ⁴

280 2913 282 2921 ¹
331 2893 444 2951 BLEP.
466 2891 581 2949 Verene
595 2891 741 2961 erfectus,
756 2891 799 2948 uti
813 2894 980 2966 pradicant,
995 2892 1099 2949 diros?
1423 2951 1424 2960 ¹

332 2969 492 3030 CHREM.
514 2968 594 3026 Fiam
619 2969 747 3040 equidem
761 2977 904 3044 amatam,
923 2972 947 3028 si
972 2973 1041 3030 deus
1064 2974 1164 3030 roletr
1199 2974 1284 3044 inest,
1298 2976 1372 3035 inest
1423 2981 1424 2996 ³

293 3054 366 3114 enim
381 3051 535 3123 periculum
550 3049 696 3120 quidpiam
709 3049 740 3104 in
753 3048 809 3107 lroc
822 3052 951 3126 negotio.
1422 3044 1424 3116 Ξ

331 3127 445 3186 BLEP.
466 3127 580 3196 Quale?
1422 3131 1424 3176 Ι

331 3206 487 3265 onnam.
510 3205 630 3282 angar

330 3285 445 3346 BLEP.
466 3285 522 3344 Dic
536 3289 605 3360 cito,
621 3287 699 3358 quod
712 3285 871 3344 dicereris.
1090 3319 1095 3324 ·
1422 3343 1424 3366 4

329 3365 486 3424 CHREM.
512 3364 561 3434 Ut,
575 3367 599 3423 si
613 3384 671 3422 rem
683 3367 765 3422 istam
778 3383 815 3422 ex
828 3367 967 3426 sententia
979 3386 1117 3442 gemmus,
1130 3370 1214 3427 simus
1227 3379 1373 3446 perpetuo
1422 3367 1424 3432 l

290 3446 451 3505 fortunati:
474 3445 517 3502 sin
531 3445 639 3518 aliquid
653 3445 743 3502 luerit
754 3447 902 3515 offensum,
917 3453 949 3502 ut
962 3448 1090 3506 funditus
1104 3467 1261 3522 pereamus.
1422 3437 1424 3506 l

329 3523 442 3583 BLEP.
464 3524 545 3582 Mala
558 3524 849 3583 mercemlhirideris
862 3531 1002 3599 onustus3
1032 3528 1166 3586 necmihi
1179 3529 1251 3586 istuc
1263 3532 1367 3604 placet,
1421 3519 1424 3538 ¹

290 3605 367 3664 Nam
381 3606 476 3662 subito
489 3603 531 3662 sic
543 3604 629 3662 ditari
644 3602 736 3674 nimis,
750 3609 779 3660 et
791 3623 887 3663 rursus
907 3607 937 3662 in
951 3613 1027 3666 metu
1046 3625 1116 3682 csse,
1132 3609 1253 3666 hominis
1265 3616 1369 3686 estqui
1422 3661 1424 3680 ,

289 3685 441 3744 nilrilboni
454 3685 587 3756 patravit.
1422 3685 1424 3756 fl

328 3762 487 3822 CHREM.
509 3762 753 3830 Quemadmodum
767 3763 836 3821 nihil
849 3763 943 3821 boni?
1422 3757 1424 3786 ²

327 3842 442 3901 BLEP.
463 3842 491 3900 Si
505 3845 637 3901 nimirum
654 3843 798 3914 quidpiam
819 3845 930 3901 iuratus
948 3845 1015 3901 inde
1035 3844 1122 3911 renis,
1143 3849 1195 3902 ant
1215 3853 1367 3923 argentum
1422 3845 1424 3968 l

282 3927 341 3978 ant
354 3940 455 3981 eurum
472 3925 510 3980 ab
523 3922 668 3995 Apolline,
681 3928 710 3979 et
723 3941 801 3980 nnnc
813 3923 891 3980 sorte
903 3925 973 3981 facti
985 3930 1014 3981 te
1028 3925 1158 3996 poenitet.
1422 3969 1424 3993 2

327 3997 483 4059 CHREM.
504 4001 563 4060 Pro
576 4018 733 4060 averrunco
744 4001 872 4076 Apollo!
892 4004 969 4061 haud
981 4005 1112 4076 equidem
1124 4003 1229 4061 lrercle.
1290 4055 1293 4059 ,
1420 3995 1424 4074 l

326 4077 437 4137 BLEP.
460 4079 564 4140 Desine
576 4081 686 4162 nugari,
702 4079 721 4136 d
735 4081 810 4138 bone
819 4101 829 4151 ;
850 4084 919 4140 nori
929 4083 1004 4140 enim
1019 4085 1104 4140 clare.
1214 4105 1218 4110 ·

327 4152 483 4218 CHREM.
505 4160 578 4219 Noli
591 4168 624 4220 tu
637 4161 787 4236 quicquam
801 4163 909 4238 telede
920 4161 1124 4240 meruspicari.
1162 4213 1165 4219 .
1286 4175 1290 4180 “
