2875 4984
174 501 177 508 Ι
273 403 334 471 ’154
626 409 1036 472 ARISTOPHANIS'

315 567 398 628 SOC.
420 569 473 627 Sed
488 569 544 627 hoc
556 567 639 627 eliam
654 569 803 645 confirma,
818 576 847 628 te
860 571 888 627 in
902 577 1048 644 posterum
1064 569 1172 626 nullum
1192 565 1366 626 habitururn

274 649 369 725 deum,
380 657 485 726 prater
495 649 590 708 eadem
604 650 678 726 ipsa,
689 669 754 726 quae
768 671 821 709 noa
831 672 885 728 pro
897 653 950 709 diia
959 652 1116 723 hahemua3
1138 651 1270 707 nimirum
1277 647 1366 708 cna-

273 745 307 788 oa
321 732 388 804 lroc,
402 739 433 791 et
445 729 556 806 Nubes,
570 738 601 791 et
612 731 773 807 Linguamr
795 733 856 792 haec
867 733 924 791 tria
936 734 1060 806 inquam,

314 809 466 874 STREPS·
488 810 519 870 N
520 831 553 871 ec
568 831 683 889 prorsus
695 815 869 888 adloquerer
880 814 962 889 alios,
976 816 999 871 si
1012 814 1057 872 rel
1070 810 1171 870 obvina
1184 809 1225 870 cia
1238 809 1364 872 fierem

273 907 365 966 neque
377 893 576 968 sacrificarem,
591 913 682 969 neque
694 895 822 962 liberem,
837 913 927 968 neque
940 895 1006 953 thee
1019 895 1173 952 adoleretur.

315 971 436 1033 CHOR.
459 974 487 1034 N
491 993 548 1034 unc
561 977 657 1051 linque
670 977 716 1034 dic
728 977 812 1034 nobis
824 978 960 1034 audacter
974 976 1108 1050 quidnam
1122 973 1175 1031 tibi
1194 972 1333 1032 iaciamus
1349 987 1363 1030 t

273 1069 340 1114 nam
352 1053 459 1116 frustra
471 1076 531 1116 non
540 1059 608 1133 criu,
622 1058 646 1116 ei
658 1075 713 1116 noa
727 1058 816 1134 colae,
831 1066 861 1117 ot
873 1053 1029 1130 admireris,
1042 1065 1072 1113 et
1084 1054 1195 1113 studens
1206 1071 1267 1112 erse
1279 1054 1363 1130 poli·

204 1273 208 1280 .
313 1213 471 1278 STREPS.
491 1215 521 1276 0
535 1216 670 1293 domina,
685 1219 762 1294 quod
775 1217 886 1279 arabia
908 1223 988 1294 pelo,
1002 1217 1031 1276 id
1054 1217 1204 1292 paululum
1221 1215 1360 1289 quiddam

273 1303 318 1356 eet
330 1299 447 1356 omnino
459 1318 469 1371 ;
490 1301 623 1359 nimirum
637 1310 669 1358 nt
681 1299 804 1358 Graecoa
816 1302 847 1358 in
859 1301 995 1358 facultate
1005 1299 1118 1358 dicendi
1126 1298 1235 1357 anteire
1248 1299 1358 1372 poesim

273 1385 385 1437 cantum
399 1381 504 1440 stadiie

315 1455 441 1519 elion.
463 1459 556 1520 immo
569 1462 623 1521 erit
635 1461 691 1522 iroc
704 1478 723 1519 a
735 1461 817 1519 nobis
830 1461 902 1527 tibi:
923 1460 964 1521 ita
977 1464 1012 1517 ut
1027 1458 1087 1534 jam
1100 1459 1137 1516 ab
1150 1459 1208 1518 hoc
1225 1464 1361 1533 tempore

272 1539 304 1600 in
318 1543 463 1600 sententiis
477 1561 530 1618 pro
545 1545 686 1602 concione
696 1541 821 1600 dicendis
833 1561 918 1605 nemo
932 1549 989 1600 tam
1003 1559 1080 1615 uaepe
1091 1540 1189 1598 vinni
1201 1558 1285 1612 qnam
1298 1545 1344 1596 tu.

313 1619 463 1682 STREPS.
485 1622 532 1682 Ne
544 1625 612 1682 mihi
625 1625 774 1699 contingat
786 1624 822 1681 de
842 1624 939 1681 arduis
961 1621 1044 1680 robus
1062 1623 1215 1678 sententiae
1238 1621 1360 1678 diceret

272 1702 348 1760 istuc
359 1705 435 1762 euim
448 1705 523 1761 haud
538 1705 646 1780 cupior
667 1707 716 1763 sed
729 1711 839 1763 tautum
858 1722 912 1780 pro
928 1721 974 1762 me
986 1703 1049 1783 ipso
1062 1703 1125 1760 lites
1139 1711 1312 1777 pervertere,
1326 1707 1361 1760 et

273 1782 375 1840 clabie
387 1783 516 1842 manibus
530 1787 714 1843 creditorum.

315 1859 436 1922 CHOR.
459 1864 635 1940 Adipiaeerls
656 1866 820 1942 igiturque
834 1871 940 1940 opina:
970 1881 1030 1925 non
1053 1865 1128 1922 eninr
1150 1863 1241 1922 ardna
1261 1863 1357 1936 cupio.

273 1939 329 2001 Sed
343 1950 370 2001 le
383 1945 476 2018 iprum
491 1949 571 2006 trade
583 1949 740 2022 intrepidae
754 1949 859 2005 nostrie
867 1948 1011 2005 miniatrio.

317 2023 473 2086 STREPS.
496 2023 612 2088 Faciam
626 2028 711 2096 istud,
724 2029 809 2086 robis
829 2029 943 2098 iretus3
964 2044 1030 2086 nam
1045 2032 1129 2102 urget
1140 2043 1186 2084 me
1206 2023 1360 2085 necmitaa

274 2111 396 2182 propter
418 2125 507 2182 equor
528 2109 592 2170 illue
613 2110 776 2185 cappatiaa,
797 2114 828 2168 et
851 2109 1029 2186 eonjugium,
1050 2109 1130 2182 quod
1151 2125 1196 2166 ure
1218 2105 1357 2182 perdidit.

273 2183 363 2246 Nunc
376 2207 445 2263 ergo
459 2196 581 2247 utuntur
593 2209 638 2248 me
651 2199 770 2266 proreua
788 2197 821 2246 nt
831 2189 936 2265 lubet3
962 2191 1035 2248 iatum
1048 2205 1141 2246 meum
1160 2192 1262 2262 corpu'a
1288 2187 1360 2261 ipaia

273 2267 369 2338 undo,
384 2270 463 2342 qnod
475 2270 636 2328 verberibus
651 2270 783 2341 tundant,
793 2270 878 2344 lame,
891 2273 949 2344 siti,
960 2271 1100 2346 squalore,
1113 2271 1178 2346 algu
1190 2267 1357 2340 conficiant,

272 2361 330 2420 pro
343 2355 408 2405 utre
421 2351 576 2418 excorient,
589 2350 676 2408 medo
689 2368 728 2408 aa
741 2352 871 2426 effugiam
886 2353 1020 2425 alionum,
1035 2360 1066 2410 et
1083 2350 1247 2410 hominibus
1259 2350 1359 2408 ridear

274 2443 334 2484 esse
344 2428 446 2499 audax,
456 2430 577 2503 loquar,
586 2433 763 2504 temerarius,
774 2449 895 2506 procax,
904 2434 1051 2506 scelestus,
1062 2433 1273 2492 mendaciorum
1285 2448 1357 2488 cou-
1419 2460 1420 2491 r

272 2507 443 2582 glutinatur,
456 2508 589 2568 inuentor
603 2512 769 2577 verborum,
782 2513 865 2570 tritus
887 2514 916 2575 in
927 2513 1036 2589 litibus,
1054 2516 1154 2571 tabula
1174 2514 1278 2588 legum,
1293 2529 1357 2569 cre·
1418 2572 1419 2591 χ

273 2585 440 2664 pitaculum,
454 2591 565 2668 vulpes,
581 2595 704 2666 terebra,
719 2594 865 2668 subactus,
879 2595 1040 2670 simulator,
1053 2594 1193 2667 lubricus,
1207 2610 1356 2668 arrogans,

273 2674 371 2745 cepio,
385 2670 670 2747 impetraremus,
683 2677 829 2747 molestus,
843 2677 1002 2752 impudens.
1044 2673 1138 2734 Modo
1149 2675 1192 2733 hia
1204 2694 1250 2733 une
1261 2674 1356 2731 nomi.

273 2749 359 2808 nibus
370 2753 497 2828 appellet
509 2756 610 2814 obrius
621 2755 753 2830 quisque,
768 2757 897 2814 iaciente
916 2759 962 2816 iuti
975 2759 1061 2834 piane
1073 2757 1149 2829 qnod
1163 2757 1295 2822 labuerit,
1310 2761 1354 2828 et,
1416 2764 1417 2789 ¹

274 2832 297 2888 ai
310 2833 421 2970 νὲἑυηι,
437 2836 478 2892 ila
491 2853 536 2895 rue
550 2836 637 2896 Ceres
650 2846 737 2913 amet,
751 2855 788 2895 ex
801 2855 845 2895 nro
853 2839 989 2898 intestina
999 2839 1157 2913 farciunto,
1166 2845 1197 2896 et
1205 2837 1356 2896 scholasti-
1415 2838 1416 2887 l

274 2913 313 2970 cie
364 2920 503 2985 ponunto.
1270 2970 1275 2980 .
1414 2928 1415 2987 l

212 3011 216 3020 ·
315 2991 437 3050 CHOR.
458 2993 580 3052 Animus
603 2995 716 3070 quidem
740 2999 812 3059 ineat
826 2999 983 3057 lruichaud
1005 2999 1127 3073 timidus,
1140 3000 1189 3058 aed
1209 3005 1354 3072 prorutus.
1413 3012 1414 3085 i

272 3071 352 3130 Scias
364 3079 456 3130 autem
469 3076 563 3150 velim,
577 3076 600 3133 si
611 3079 672 3135 haec
683 3079 914 3159 didicerisame,
926 3081 1042 3156 ianuam,
1054 3099 1119 3156 quae
1133 3083 1237 3140 coelum
1259 3079 1356 3137 adlin-
1412 3102 1413 3185 p

273 3159 334 3226 gat,
349 3155 422 3208 inter
436 3154 562 3214 homines
577 3167 605 3214 re
617 3168 846 3220 consecuturum.

315 3229 472 3292 STREPS.
493 3235 571 3304 Quid
586 3240 652 3297 mihi
664 3241 797 3300 eveniet?

224 3361 227 3368 .
288 3355 301 3408 '.
314 3309 435 3373 CHOR.
457 3313 545 3376 Omni
558 3327 687 3396 tempore
698 3340 808 3380 mecum
821 3323 1007 3382 beatissimam
1020 3323 1107 3382 vitam
1125 3339 1191 3404 agea
1204 3339 1279 3380 unna
1293 3337 1354 3380 orn.

271 3408 360 3451 nrum.
663 3443 666 3447 ,

313 3473 467 3540 STREPS.
490 3473 533 3536 Eu
548 3497 673 3555 unquam
687 3485 764 3559 polis
777 3484 832 3541 erit
845 3483 914 3554 fieri,
925 3490 961 3542 ut
972 3487 1045 3543 istuc
1057 3483 1191 3544 rideam?

314 3553 432 3615 CHOR.
454 3555 501 3618 Ila
513 3567 546 3618 ut
558 3563 641 3619 multi
658 3564 694 3621 ad
716 3564 793 3623 force
816 3571 879 3622 tuae
892 3584 1004 3640 semper
1016 3567 1140 3638 sedeant,
1164 3563 1313 3639 cupienter
1326 3570 1355 3624 lo

273 3637 437 3710 conuenire,
451 3647 481 3696 et
494 3648 587 3700 tecum
602 3645 741 3722 colloqui,
756 3653 841 3720 atque
859 3648 1070 3705 communicare
1089 3653 1146 3706 tun
1161 3647 1291 3707 aoleruae
1304 3665 1354 3709 ne·

271 3719 352 3791 gotia
365 3726 394 3776 et
405 3719 466 3778 lites
479 3723 574 3780 multis
596 3725 709 3784 talentis
733 3728 895 3803 aetimatar,
910 3729 946 3787 de
968 3729 1070 3804 qurluue
1091 3727 1298 3796 consultabunt
1311 3739 1353 3788 te·

274 3816 350 3864 curu.
381 3799 444 3892 ‘Sed
458 3801 551 3877 incipe
567 3821 660 3862 senem
674 3808 779 3866 docere
800 3807 935 3886 quidquid
949 3809 1133 3887 constituisti,
1145 3817 1177 3870 et
1187 3811 1278 3879 inciin
1289 3813 1352 3870 ani·

272 3898 350 3938 mum
363 3898 434 3955 eJuS,
448 3893 478 3940 et
491 3883 585 3958 ingeni
599 3885 673 3944 uires
685 3889 815 3963 explora.

219 4008 227 4026 ,
312 3957 394 4018 SOC.
415 3962 546 4038 Agedum
558 3966 606 4022 dic
618 3967 876 4045 mihituiugeniunr
885 3972 977 4046 tunm,
990 3971 1075 4046 quale
1083 3971 1141 4048 εἰη
1171 3969 1281 4049 utillo
1303 3990 1352 4031 co·

272 4040 366 4116 guito,
377 4043 519 4102 machinas
533 4045 652 4120 posthac
666 4065 755 4124 norae
768 4049 820 4108 tibi
833 4050 1008 4110 admoveam.
1116 4096 1119 4114 ι
1133 4049 1137 4056 ’

275 4125 278 4132 “
312 4118 463 4181 ΒΤΒΕΡδς
484 4125 561 4194 Quid
572 4129 663 4188 vero?
683 4149 751 4190 num
765 4149 822 4210 nre,
837 4149 889 4208 per
899 4131 977 4193 Deua
993 4134 1127 4211 obsecro,
1139 4139 1277 4210 tanquan
1289 4151 1354 4194 mu·

271 4217 336 4277 rum
351 4217 518 4278 oppugnare
531 4209 658 4282 cogitas?

271 4279 508 4423 fasog-milon:
529 4291 577 4350 aed
589 4307 680 4372 pauca
692 4293 820 4372 quadarn
840 4292 1020 4376 perrogare
1037 4302 1068 4359 te
1080 4297 1222 4378 'rolo,an
1243 4313 1350 4359 neno·

286 4383 295 4422 ¹
325 4383 365 4442 po
435 4404 445 4423 θ
702 4383 704 4388 Ι
852 4383 856 4389 Ι
910 4388 913 4395 Ι
