2875 4984
268 343 290 398 8
609 337 1006 402 ARISTOPHANIS

267 512 429 574 compone:
452 497 503 555 has
526 503 617 556 autem
641 503 768 575 relinque
789 505 872 560 nobis
894 499 942 560 hi‘c
964 505 1086 568 obsides.
1114 503 1194 566 'Nos
1211 519 1282 566 vero
1296 523 1366 570 euru

266 583 378 676 ceteris,
392 589 549 716 quelipuut
568 580 598 636 iu
619 597 697 652 arce,
711 585 886 659 mulieribus,
902 602 958 640 uua
971 587 1155 645 secludamus
1166 588 1298 662 ingresse
1315 611 1365 649 os·

266 668 455 858 ”afflig
465 703 572 797 Nonne
596 744 703 847 putatis
725 748 827 801 contra
850 761 903 802 uos
923 745 1069 818 suppetias
1081 753 1220 806 venturos
1234 766 1305 806 mox
1319 753 1364 808 vi.
1428 728 1429 737 ἵ

264 837 392 957 rosIiYS.
415 897 516 960 Flucci
538 918 588 964 eos
610 920 668 971 non
691 903 778 960 facio.
820 863 889 960 Non
912 903 988 958 euim
1003 909 1096 962 tantam
1112 898 1215 980 minas,
1230 929 1283 967 nec
1296 893 1364 970 tan·

263 985 326 1040 tum
339 982 431 1056 ignem
441 981 563 1040 ferentes
574 985 700 1059 venient,
713 991 745 1040 ut
759 985 883 1040 claustra
896 984 958 1042 haec
972 1002 1098 1042 reserme
1111 990 1231 1061 possint,
1247 991 1301 1047 uisi
1313 1010 1362 1065 ea,

264 1079 323 1134 qua
336 1063 470 1130 diximus,
483 1063 658 1120 conditione.
997 1118 1001 1126 ,

183 1136 186 1146 ’
265 1197 269 1206 ,
304 1139 440 1198 MYRR.
462 1141 618 1216 Nunquam
634 1145 778 1212 certe‚ita
794 1162 839 1202 me
853 1141 953 1202 Venus
965 1150 1050 1203 amet.
1082 1144 1205 1206 Frustra
1217 1149 1292 1208 enim
1305 1167 1363 1209 nos

263 1224 395 1280 mulieres
405 1241 573 1280 vocaremur
585 1225 699 1283 invictae
713 1232 743 1282 et
754 1226 889 1283 scelesta.

277 1478 440 1542 saeuus
461 1442 617 1556 sanum,
632 1482 799 1544 caunos
819 1482 1065 1560 mortanum,
1079 1483 1348 1568 sanamus,
1428 1480 1429 1555 3

507 1607 955 1693 enovrsoe‚moa1aurs
976 1630 1121 1677 suasis.
1320 1624 1324 1627 ·
1428 1560 1429 1581 Ν

304 1763 427 1826 cllOR.
450 1759 538 1850 SEN.
561 1767 663 1846 Perge,
678 1769 805 1842 Drances}
828 1772 899 1846 praei
925 1756 1109 1847 pedetentim,
1126 1771 1179 1828 etsi
1202 1771 1282 1831 dolet
1305 1768 1361 1830 tibi

261 1845 407 1922 humerus,
421 1849 524 1907 ferenti
539 1855 648 1907 tantum
665 1871 738 1908 onus
751 1849 868 1908 virentis
883 1853 974 1908 olivae.

302 1927 468 1988 SEMICH.
491 1927 629 2006 Proiecto
643 1933 734 1988 multa
756 1942 860 2006 praeter
873 1949 950 2004 spem
965 1927 1102 1987 eveniunt
1114 1930 1144 1986 iu‘
1158 1931 1246 2007 longa
1261 1935 1360 1988 aetate.

145 2037 152 2054 ι
261 2005 347 2073 Vah!
370 2011 433 2083 quis
445 2009 520 2066 enim
535 2029 661 2082 unquam
671 2020 821 2086 sperasset,
835 2012 853 2068 ὁ
867 2011 1076 2087 Stymmodore,
1090 2028 1120 2066 se
1134 2009 1312 2083 additurum,
1325 2017 1362 2068 nt

259 2089 401 2164 mulieres,
417 2107 485 2164 quas
498 2093 624 2162 pavimus
635 2091 725 2162 domi,
739 2091 844 2147 malum
859 2084 1052 2158 menifestum,
1067 2086 1231 2151 obtinerent
1243 2109 1359 2147 sacrum

258 2170 455 2242 simulacrum,
467 2175 497 2224 et
507 2176 683 2244 occuparent
696 2188 790 2244 arcem
803 2186 905 2243 meam,
921 2170 1093 2241 pessulisque
1105 2177 1134 2222 et
1149 2168 1280 2224 claustris
1295 2171 1358 2226 vcs'.

260 2249 382 2306 tibulum
398 2245 606 2304 occluderent?
848 2313 853 2322 ‚

300 2325 465 2384 SEMICH.
487 2325 540 2384 Sed
563 2345 645 2399 quam
670 2323 802 2404 citissime
825 2345 1011 2401 properemus
1025 2325 1060 2382 ad
1074 2325 1235 2398 arcem‘ire‚
1251 2325 1270 2382 d
1285 2325 1356 2384 Phi.

259 2409 350 2484 lorge,
366 2415 398 2465 ut
420 2407 663 2480 circumponentes
686 2400 746 2464 lios
760 2399 890 2465 caudices
913 2396 991 2482 ipsis,
1007 2414 1152 2479 quotquot
1175 2408 1231 2463 hoc
1245 2405 1357 2466 facinus

214 2544 218 2551 ,
259 2489 447 2546 instituerunt
469 2495 497 2543 et
518 2506 654 2564 aggressae
668 2483 745 2564 su'nt,
761 2506 833 2564 pyra
845 2507 900 2544 una
913 2487 1038 2562 aggesta,
1051 2489 1235 2544 incendamus
1250 2491 1357 2552 nostris
1427 2492 1428 2497 ’

259 2571 388 2640 manibus
402 2585 509 2635 omnes,
524 2588 583 2625 uno
596 2570 712 2630 animo:
736 2568 864 2642 inprimis
878 2576 972 2625 autem
986 2565 1113 2645 Lyconis
1129 2586 1258 2626 uxorem.
1281 2558 1356 2627 Nou

258 2651 345 2722 enim,
361 2651 401 2706 ita
423 2648 491 2704 mihi
515 2647 601 2708 Ceres
625 2651 750 2724 propitia
762 2652 809 2724 sit,
824 2650 917 2722 quoad
930 2667 984 2724 ego
998 2651 1110 2723 vixero,
1125 2651 1208 2706 nobis
1221 2647 1354 2708 illudent.

258 2728 335 2788 Nam
359 2748 413 2787 nec
437 2726 616 2798 Cleomenes,
633 2731 683 2804 qui
706 2749 800 2788 arcem
824 2733 902 2804 prius
917 2731 1082 2802 occupavit,
1097 2728 1188 2784 abivit
1200 2730 1262 2784 sine
1275 2731 1354 2788 malo

259 2827 333 2867 uuo:
355 2812 403 2868 sed
425 2803 460 2879 ie,
474 2811 540 2868 licet
565 2807 727 2869 Laconicos
750 2812 866 2884 spiritus
889 2828 1001 2884 gerens,
1016 2809 1161 2874 abscessit,
1177 2813 1264 2866 armis
1285 2811 1355 2868 mihi

229 2947 231 2958 ,
258 2889 381 2964 traditis,
397 2890 526 2962 exiguam
542 2893 627 2964 plane
640 2899 670 2948 et
684 2893 818 2948 detritam
832 2890 939 2946 habens
955 2891 1108 2958 lacernam,
1121 2891 1276 2960 squalidos,
1289 2908 1354 2948 sor.

258 2972 383 3044 didatus,
399 2972 540 3044 hirsutus,
556 2972 620 3046 inde
634 2989 651 3044 a
664 2972 714 3028 sex
728 2967 933 3028 aunis'illotus.
955 2969 1003 3028 Ita
1016 2971 1179 3043 oppugnari
1193 2979 1247 3044 eg'o
1262 2970 1353 3029 virum
1426 3030 1427 3039 ¹

255 3052 337 3109 illum
360 3059 466 3130 tumen,
483 3069 534 3126 per
558 3049 679 3109 sedecim
702 3052 816 3108 ordines
840 3051 980 3122 disposito
1002 3054 1144 3122 exercitu,
1159 3051 1302 3108 dormiens
1315 3053 1354 3109 ad

257 3141 368 3205 portas.
397 3130 508 3189 Harum
521 3150 602 3205 vero,
618 3135 678 3204 qirae
693 3129 825 3204 Euripidi
839 3129 934 3188 cidiis
948 3130 1078 3188 omnibus
1090 3128 1188 3188 invisa
1204 3136 1282 3204 eunt,
1296 3151 1355 3205 ego

256 3229 316 3268 non
342 3215 494 3286 reprimam
515 3230 637 3286 praesens
652 3211 801 3270 ‘audaciam
816 3209 946 3268 tantam?
969 3209 1017 3268 Ne
1030 3228 1100 3286 ergo
1114 3211 1235 3284 amplius
1249 3213 1278 3268 iu
1291 3211 1353 3268 Te.

255 3292 365 3365 trapoli
389 3312 482 3351 meum
504 3295 540 3350 sit
564 3303 715 3367 tropaeum.
758 3289 811 3350 Sed
834 3292 909 3350 euim
923 3288 1125 3348 hocmihiviae
1140 3291 1353 3351 conficiendum

255 3379 397 3446 superest,
411 3373 518 3432 a'cclive
539 3375 612 3430 istud
633 3375 766 3448 spatium,
781 3374 818 3430 ad
837 3391 943 3446 arcem,
958 3391 1016 3444 quo
1038 3389 1186 3444 propero;
1208 3379 1237 3428 et
1256 3374 1352 3431 danda

256 3469 357 3528 opera,
373 3459 404 3511 ut
417 3455 532 3528 protelo
546 3455 682 3512 ducamus
695 3456 756 3510 haec
769 3454 846 3528 ligna
858 3453 919 3510 sine
929 3452 1079 3527 jument03
1104 3470 1169 3508 uam
1182 3451 1251 3509 mihi
1265 3454 1351 3526 baju-

254 3532 320 3594 larii
333 3543 425 3594 vectes
438 3535 584 3592 homerum
600 3537 801 3608 comprimunt.
845 3535 982 3591 Attamen
997 3534 1038 3589 ire
1052 3538 1179 3605 oportet,
1194 3539 1224 3590 et
1236 3532 1351 3591 sufflare

253 3611 361 3690 iguem,
376 3633 411 3672 ne
430 3616 507 3673 sorte
526 3617 670 3674 extinctus
690 3615 897 3689 imprudentem
917 3633 962 3672 me
974 3613 1098 3684 deficiat,
1115 3631 1201 3686 quum
1215 3615 1350 3672 adfinem

155 3710 157 3720 ⁴
253 3694 490 3768 simpervenero.
532 3687 647 3767 inin
690 3691 738 3754 Dii
750 3696 832 3772 boni,
847 3695 896 3767 qui
911 3695 1025 3752 fumos!
1047 3692 1139 3760 Quam
1153 3693 1350 3768 vehemens,d

254 3773 320 3831 dive
341 3773 495 3848 Hercules,
509 3777 641 3834 adoriens
662 3796 707 3836 me
720 3795 757 3834 ex
772 3778 838 3846 olla,
848 3777 890 3832 uti
904 3776 1033 3832 rabiosus
1047 3776 1135 3848 canis,
1152 3778 1265 3851 mordet
1279 3774 1349 3832 mihi

255 3855 374 3914 oculos!
396 3856 434 3914 Et
447 3854 636 3915 estrLennins
652 3858 790 3934 ignis-iste
805 3858 941 3914 omuino:
965 3855 1114 3912 nonenim
1129 3856 1236 3926 alioqui
1250 3873 1349 3912 morsu

252 3933 295 3992 sic
308 3935 423 3994 laesisset
444 3939 564 4012 gremias
590 3957 696 3996 meaa
726 3936 844 3996 Festina
865 3937 901 3994 ad
922 3955 1017 3994 arcem
1039 3941 1069 3992 et
1092 3935 1230 4009 ieropcin
1244 3935 1367 3994 Divae}x

254 4015 369 4088 quando
383 4019 459 4076 cuim
471 4019 498 4075 ei
512 4020 598 4092 magis
614 4038 698 4092 qoam
714 4038 793 4076 nuuc
806 4014 1026 4085 succurremus?
1050 4013 1109 4090 Fu,
1125 4015 1166 4073 fu.
1202 4014 1250 4072 Dii
1265 4016 1346 4090 boni,

254 4097 305 4168 qui
318 4096 432 4156 sumus!
449 4097 518 4156 Istic
528 4097 639 4172 quidem
651 4101 723 4176 ignis
736 4099 821 4156 dedm
831 4100 932 4173 favore
942 4091 1041 4171 vigilat
1051 4096 1167 4152 etvivit.
1183 4093 1292 4161 Quidni
1300 4115 1360 4165 er„

251 4194 302 4250 go,
314 4176 449 4251 depositis
457 4181 502 4237 hic
511 4182 649 4254 vectibus,
662 4182 767 4238 viteam
779 4180 869 4237 facem
880 4180 909 4236 iu
920 4179 1005 4236 ollem
1018 4175 1206 4250 immittimus,
1215 4173 1346 4234 acoeudi.

139 4292 147 4301 -
247 4273 327 4329 ‚mua
337 4260 400 4316 etin
408 4260 524 4336 januam
532 4261 706 4318 arictamnsi
722 4259 829 4330 Etnisi,
838 4278 922 4333 quum
932 4277 978 4317 eas
989 4258 1163 4330 vocabimus,
1172 4259 1244 4315 arcis
1254 4258 1345 4314 claus.

252 4337 556 4420 tralaxentmulieres,
565 4341 715 4403 incendere
727 4347 843 4417 oportet
854 4341 940 4416 fores,
953 4344 982 4399 et
991 4339 1072 4398 fumo
1082 4356 1220 4414 premere.
1243 4335 1344 4416 Depo,
