2875 4984
555 381 557 386 ⁸
617 439 754 505 arus
813 422 816 427 ’

235 654 547 751 ‘ruomurnnua'
567 669 870 779 rrsrnurrsnus,
892 651 1078 739 cunnus.¹
1202 771 1205 781 Ι

160 785 290 876 PRQM.
311 821 340 880 0
353 842 399 881 me
417 826 712 891 infelicemtcaream
732 836 819 895 medo
839 854 875 895 ne
894 854 939 895 me
959 837 1072 913 Jupiter
1091 842 1204 915 conspi-
1297 819 1301 827 „

110 888 189 948 siat.
233 895 292 956 Ubi
305 912 348 959 est
361 904 571 967 Pistlretsnrns?

136 970 296 1117 AEPAESTH}
310 982 394 1060 Hem,
409 990 475 1062 qnid
490 990 545 1048 hoc
558 991 627 1050 est?
649 992 739 1071 Quid,
753 998 867 1064 malum,
881 998 934 1056 sibi
949 1000 1013 1057 vult
1027 1001 1089 1059 haec
1102 986 1212 1076 capitis¹

110 1072 137 1111 ο
159 1070 178 1107 v
211 1060 274 1117 utin
404 1067 409 1073 “

156 1130 289 1198 PROM.
311 1141 475 1206 Denrnmue
488 1149 534 1207 hic
548 1155 708 1227 quempiam
723 1174 799 1230 pone
812 1177 856 1217 me
870 1158 967 1218 rides?

154 1209 287 1279 Prsrrr.
309 1220 432 1284 Nullum
446 1233 573 1302 equidem
589 1234 693 1292 hercle.
736 1235 809 1305 Quis
823 1258 891 1297 rero
905 1248 935 1298 tu
947 1239 998 1300 es?

157 1290 289 1359 PROM.
310 1302 465 1371 Quodnam
482 1313 569 1386 igitur
582 1315 639 1371 dici
654 1323 762 1397 ternpus
778 1322 845 1378 est?

152 1370 280 1513 ξΙΒΤΗ.
303 1382 480 1452 Quodnam?
501 1394 711 1467 aliquantulum
725 1405 792 1472 post
811 1401 964 1459 meridiem.
1007 1403 1050 1462 At
1071 1386 1115 1477 tu,
1137 1404 1200 1479 quis

105 1473 140 1514 ο,
348 1493 356 1505 ,

152 1535 285 1599 PROM.
307 1542 473 1607 inclinatus
484 1552 514 1609 iu
528 1572 685 1631 uesperam,
702 1578 739 1617 an
752 1538 917 1637 praecipitat
929 1564 1016 1639 magis
1030 1562 1042 1620 ἓ

113 1638 117 1645 ·
151 1616 284 1686 PlS'l'H.
307 1622 361 1684 Vae
374 1629 453 1704 mibi,
469 1638 503 1687 nt
516 1639 544 1690 te
556 1638 726 1697 abominor!

150 1696 284 1835 {RQ
306 1702 384 1772 Quid
397 1713 471 1767 enim
484 1712 555 1771 facit
567 1715 712 1791 Jupiter?
734 1721 904 1801 detergitne,
924 1741 962 1782 an
982 1724 1103 1783 obducit
1123 1724 1197 1782 coelo

104 1798 149 1837 nn
174 1796 223 1837 es.
377 1804 380 1811 ·

110 1900 118 1913 .
149 1858 279 1921 Ρ18ΤΗΙ
301 1863 382 1925 Male
395 1886 502 1943 pereas.

112 1982 118 1987 .
148 1938 281 2001 PROM.
302 1945 348 2004 Sic
362 1952 475 2022 quidem
489 1972 534 2011 me
546 1958 684 2034 detegam.

148 2019 278 2081 PISTH.
301 2024 407 2087 Ocare
421 2030 611 2097 Prometheu!

148 2100 279 2163 PROM.
301 2104 417 2184 Desine,
432 2114 538 2187 desine,
554 2121 739 2179 neelamites.

146 2180 277 2243 PISTH.
300 2186 376 2256 Quid
388 2194 463 2251 euim
476 2197 539 2253 asti
787 2214 791 2222 '

146 2260 279 2325 PROM.
300 2266 377 2328 Sile:
401 2292 437 2330 ne
450 2293 543 2335 meum
556 2295 704 2355 nuncupes
716 2300 840 2343 nomeu:
864 2286 972 2360 quippe
987 2286 1154 2362 perdideris,
1169 2288 1193 2347 si

103 2360 154 2402 sne
167 2342 284 2420 Jupiter
295 2348 344 2407 bic
356 2352 460 2414 rideat.
502 2355 556 2415 Sed
570 2366 601 2416 ut
615 2363 667 2418 tibi
679 2382 807 2423 enarrem
827 2384 870 2425 res
886 2386 1033 2444 supernas,
1048 2370 1195 2441 quomodo

101 2442 136 2481 se
148 2422 283 2497 habeant,
298 2430 372 2489 hanc
386 2438 538 2495 umbellam
551 2458 641 2517 sume,
656 2449 687 2502 et
698 2462 786 2521 supra
799 2452 887 2523 caput
907 2466 997 2507 meum
1017 2451 1134 2526 ¹susstine,
1156 2468 1194 2507 ne

99 2522 151 2564 me
165 2510 343 2581 conspiciant
355 2514 404 2577 dii.

145 2582 273 2647 1²1er.
294 2590 351 2665 Ha,
366 2594 412 2667 ba,
426 2596 484 2669 he3
505 2600 578 2659 bene
591 2603 662 2659 illud
674 2607 852 2681 excogitasti,
865 2611 895 2664 et
907 2627 987 2669 more
996 2616 1049 2669 tuo
1058 2610 1190 2671 solerter.

103 2664 197 2725 Ocius
210 2672 308 2744 itaque
321 2678 451 2751 secema,
466 2696 501 2736 ac
512 2682 614 2739 deinde
626 2684 762 2743 audacter
775 2687 901 2760 loquere.

143 2745 276 2808 PROM.
298 2752 401 2828 Itaque
412 2759 473 2833 jam
487 2778 562 2819 nunc
574 2766 714 2833 ¹ausculta.
956 2828 959 2833 .
1143 2822 1148 2831 .

143 2825 271 2889 PlSTH.
292 2831 485 2907 Operam‘tibi
497 2842 537 2899 do
550 2845 672 2903 sedulam
683 2864 692 2902 r
715 2845 856 2905 fabulare.
1034 2872 1037 2879 ’

143 2906 275 2969 PROM.
298 2911 420 2976 Prorsus
434 2922 520 2994 periit
532 2922 657 3000 Jupiter.
816 2928 820 2933 ’

141 2985 272 3049 Pls‘ffl.
294 2993 419 3062 Quando
432 3003 538 3075 periit?

141 3066 272 3130 PROM.
294 3072 339 3133 Er
352 3097 410 3151 qun
424 3102 475 3140 rus
493 3087 592 3143 urbem
607 3086 637 3143 in
650 3091 716 3145 a‘e're
730 3086 905 3147 condidistis.
946 3084 1102 3155 Hominum
1115 3090 1190 3147 euim

98 3167 187 3209 neruo
207 3155 358 3229 quicquam
377 3163 499 3235 amplius
520 3168 660 3225 sacrificat
679 3169 743 3244 diis,
758 3187 850 3242 neque
870 3171 954 3229 nidor
974 3188 991 3227 a
1011 3170 1189 3227 victimarum
1311 3176 1318 3185 ‘

96 3232 256 3293 femoribus
270 3240 397 3297 ascendit
410 3244 444 3300 ad
458 3263 511 3302 nos
525 3248 562 3312 ab
576 3267 611 3307 eo
625 3266 716 3322 usqne
729 3257 870 3324 tempore.
902 3250 956 3311 Sed
969 3252 1043 3309 sicut
1055 3252 1084 3308 in
1099 3248 1190 3349 Thes:

97 3312 259 3387 moplroriis
276 3315 417 3393 jejunium
439 3328 555 3403 egimus,
571 3347 717 3388 sacrorum
739 3331 869 3407 primitiis
887 3337 1026 3390 carentes.
1067 3328 1191 3427 Barbam

97 3410 173 3450 sero
187 3395 227 3453 dii
238 3401 402 3476 esurientes,
417 3402 643 3483 Illyriorumque
655 3430 736 3469 more
755 3411 895 3469 absonum
915 3412 1075 3505 stridentes,
1091 3414 1188 3468 clami.

97 3479 166 3531 tant
178 3476 282 3535 bellurn
296 3498 327 3538 se
338 3484 460 3560 desuper
472 3489 604 3550 illaturos
618 3490 638 3550 J
640 3492 698 3567 ori,
714 3494 744 3551 ni
757 3492 884 3577 emporia
904 3493 1031 3568 praebeat
1049 3491 1139 3549 llbera
1158 3500 1189 3549 et

96 3560 211 3629 aperta,
226 3566 261 3617 ut
273 3562 464 3635 importentur
478 3576 546 3628 exta
561 3574 684 3632 concisa.
769 3618 777 3627 -

138 3633 267 3697 PlSTH.
290 3640 398 3703 Suntne
409 3648 556 3708 enimvero
570 3654 619 3709 alii
631 3654 746 3727 quidam
760 3652 876 3711 barbari
889 3652 928 3709 dii
941 3670 1028 3748 supra
1042 3649 1115 3709 ros?

138 3711 271 3778 PROM.
293 3722 400 3785 Nonne
413 3732 487 3787 enirn
507 3732 624 3791 barbari
643 3742 752 3807 eunte
781 3734 883 3809 quibus
911 3732 1024 3793 Patrius
1049 3739 1093 3801 θδῒ
1119 3749 1185 3792 ⁵⁰⁰⁵

96 3792 303 3862 Execestides?

135 3874 266 3939 PISTH.
289 3883 404 3947 Nomen
417 3908 487 3949 vern
501 3891 631 3952 barbaris
645 3895 706 3952 istis
719 3894 771 3953 diis
784 3896 930 3968 quodnam
943 3894 1009 3954 esti

136 3955 269 4019 PROM.
291 3963 446 4033 Quodnam
459 3971 521 4031 sit?
544 3972 675 4032 Triballi.

135 4034 263 4100 Prs'rfl.
285 4042 437 4125 intelligo:
461 4053 528 4111 iude
540 4055 675 4114 nimirum
690 4056 760 4114 illud
773 4054 991 4135 Disperenscst
1008 4062 1116 4121 natura

134 4114 265 4182 PROM.
288 4124 451 4190 Verissime.
491 4134 559 4193 Hoc
572 4142 667 4195 autem
688 4156 776 4194 unum
798 4138 851 4194 tibi
873 4138 958 4210 plane
977 4138 1054 4214 dico,
1076 4140 1186 4233 legator

90 4195 150 4254 hnc
165 4217 225 4260 esse
237 4213 389 4287 venturos,
406 4212 546 4286 depactis
560 4219 609 4289 qui
623 4224 721 4293 agant,
736 4238 753 4275 a
773 4216 792 4278 J
795 4237 848 4276 ore
861 4218 971 4292 illisque
992 4220 1185 4293 superioribus
1206 4234 1209 4239 ’

89 4274 248 4341 Triballiss
271 4294 323 4347 tos
337 4310 407 4350 vern
420 4312 457 4351 ne
470 4300 556 4367 pacta
569 4299 682 4373 ineatis,
696 4300 728 4357 ni
743 4297 900 4358 reddiderit
919 4297 1020 4357 avibus
1040 4305 1184 4375 sceptrum

89 4357 187 4420 denno
199 4360 329 4447 Jupiter,
344 4378 375 4433 et
388 4371 528 4436 Basileam
542 4396 660 4520 uxore}
675 4380 729 4440 tibi
741 4380 926 4441 matrimonio
936 4378 1049 4456 jungat·
1146 4474 1148 4478 ,

170 4458 241 4505 ron.
260 4465 306 4510 rr.
666 4476 684 4517 Ε
