2875 4984
278 373 339 433 2⁷⁴
616 354 1009 429 unlsuornuntt

280 528 378 589 nicho.
426 524 599 601 Quicunque
618 526 705 602 igitur
728 526 869 586 homiuem
894 525 981 583 istum
1005 537 1066 581 non
1087 518 1169 580 eilde
1188 524 1386 596 exsecutum

280 627 428 685 nunquam
441 627 477 666 ex
499 609 598 667 eodem
610 610 719 681 poculo
731 608 877 666 nobiscum
891 605 981 664 bibet.

321 688 414 749 SEM.
433 688 515 764 Saepe
535 689 682 747 noctunris
703 688 923 764 cogitationibus
946 690 1103 760 occupatur
1115 682 1169 755 tui,
1182 690 1215 743 et
1236 686 1383 759 quaesivi,

284 789 341 844 qua
352 771 388 830 de
401 788 485 828 causa
497 777 555 827 tom
570 770 700 843 improbe
723 769 853 827 comedet
866 766 1047 845 Cleonymus.
1087 765 1182 823 Aiunt
1192 766 1276 825 eninr
1292 768 1384 824 illum

282 869 363 909 more
376 852 510 927 pecudum
524 858 671 908 vorantem
684 852 762 908 bonu
773 850 893 907 diuitum
916 848 1060 905 homiuum
1081 846 1130 905 rix
1143 845 1255 905 abires
1281 865 1383 923 pune-

283 932 349 991 rio:
372 938 403 989 at
427 933 491 989 illos
503 949 567 989 enm
581 950 675 1003 orare
693 937 727 987 ut
739 930 793 988 sibi
815 929 1009 1002 mqueeuleudi
1021 927 1132 986 renium
1155 925 1227 985 det:
1250 926 1342 1012 Age,
1363 926 1381 985 ὀ

280 1013 441 1091 preclare,
453 1031 511 1089 per
523 1031 624 1087 genno
636 1020 665 1069 te
682 1014 812 1085 obsecro,
826 1014 875 1068 eci
887 1018 917 1068 et
920 1026 1011 1088 poree
1024 1025 1140 1069 menen.

326 1091 448 1150 CHOR.
470 1093 563 1151 Aiunt
575 1094 737 1151 convenisse
760 1091 889 1149 triremes
902 1092 939 1149 ad
960 1092 1175 1164 colloquendum
1193 1090 1275 1147 iuter
1291 1107 1339 1162 se,
1353 1094 1382 1147 et

285 1192 366 1231 uuum
379 1174 502 1246 aliquam
514 1192 624 1246 earum,
639 1192 702 1246 qum
719 1173 841 1229 maxime
854 1178 915 1229 erat
938 1177 1018 1243 natu,
1033 1171 1155 1232 dixisses
1179 1168 1301 1232 Nonne
1328 1188 1382 1227 on·

285 1256 369 1325 ditis,
383 1254 400 1311 ὀ
413 1258 556 1329 virgines,
573 1275 636 1329 pure
650 1259 682 1311 in
694 1256 767 1312 urbe
772 1251 886 1327 fiunt?
906 1255 991 1310 oiunt
1002 1254 1151 1330 quemdum
1166 1256 1301 1330 petiisse
1311 1268 1381 1308 nos⁴

285 1342 402 1394 trorum
416 1342 530 1391 centum
540 1336 581 1392 ed
591 1336 800 1412 expeditionem
810 1336 842 1391 in
857 1328 1076 1406 Chalcedonem,
1087 1338 1178 1391 ciuem
1187 1333 1379 1409 improbum,

286 1434 413 1493 vappam
428 1413 643 1491 Hyperbolum.
683 1414 860 1472 Triremibus
872 1420 967 1471 eutem
977 1416 1059 1472 siunt
1071 1414 1100 1472 id
1112 1416 1201 1473 rhum
1213 1430 1280 1470 esse
1291 1429 1380 1486 greve

288 1503 317 1555 et
330 1496 521 1569 intolerabile,
535 1502 564 1553 et
583 1495 731 1569 quamdam
743 1512 839 1553 earum
861 1496 974 1568 dixisse,
989 1513 1053 1567 qum
1076 1514 1139 1553 cum
1151 1495 1222 1553 viris
1243 1494 1378 1551 nondum

288 1584 491 1635 consueverat:
514 1574 578 1634 Pro
591 1574 780 1635 Auerruncel
797 1592 877 1632 mens
887 1582 965 1633 certe
978 1578 1143 1634 noourchus
1157 1577 1211 1634 ille
1222 1591 1377 1649 nunquam

286 1660 367 1728 erit,·
380 1659 432 1715 red
443 1661 471 1713 si
482 1675 596 1715 necesse
607 1665 662 1729 est,
673 1678 693 1714 u
706 1660 795 1713 cossis
805 1674 927 1713 corroso
935 1664 965 1713 et
971 1658 1144 1733 putrefacto
1154 1658 1199 1714 hic
1213 1672 1375 1715 consenes-

288 1757 370 1807 cam,·
394 1756 446 1793 nec
461 1735 648 1814 Noupbontoe
669 1732 822 1794 Nousonis
835 1738 914 1810 filio
929 1738 1095 1795 nouorchns
1118 1736 1170 1794 ille
1193 1740 1247 1811 sit,
1261 1753 1303 1795 ne
1326 1738 1375 1808 sit,

291 1822 421 1891 inquom,
434 1816 450 1873 ὀ
465 1814 539 1874 Dii!
559 1818 710 1893 siquidem
724 1836 760 1874 ec
771 1821 857 1893 piceo
879 1823 909 1873 et
922 1816 1012 1892 lignis
1025 1836 1089 1875 sum
1103 1836 1157 1893 ego
1178 1822 1271 1875 etium
1298 1834 1375 1871 com·

286 1905 387 1976 puoto.
419 1895 458 1955 Si
468 1904 567 1955 nutem
578 1896 808 1956 Atheniensibus
818 1897 919 1974 placet
931 1897 985 1955 illo
997 1902 1154 1972 sententio,
1162 1899 1288 1955 uidetur
1301 1896 1377 1952 mihi

290 1981 429 2055 optimum
442 1981 528 2036 nobis
543 1998 617 2054 esre,
630 1982 658 2036 si
668 1982 700 2035 in
723 1975 828 2036 thern
849 1985 900 2036 out
912 1975 1109 2037 Eumenidum
1122 1981 1235 2055 funum
1250 1979 1374 2049 nnuu'ge⁴

290 2078 366 2130 mus,
379 2062 474 2135 ibique
490 2060 636 2138 supplices
648 2060 809 2117 sederemus.
849 2054 920 2116 Non
932 2063 1008 2118 enim
1028 2062 1113 2118 nobis
1133 2064 1285 2137 imperans
1298 2058 1373 2113 irri-

291 2141 373 2197 debit
384 2145 510 2198 urbem:
531 2142 583 2198 ced
602 2143 723 2215 naviget
736 2158 866 2197 seorsum
888 2139 969 2197 solus
982 2144 1014 2197 in
1036 2142 1143 2199 molum
1168 2160 1245 2213 rem,
1259 2142 1287 2197 ri
1299 2135 1372 2204 uult,
1413 2202 1414 2213 χ

291 2220 387 2278 alveos
400 2221 481 2297 illos,
490 2224 527 2280 in
536 2224 640 2299 quibus
653 2219 789 2279 lucernas
802 2219 965 2292 vendebat,
973 2224 1006 2279 in
1021 2240 1102 2281 more
1113 2222 1269 2280 deducens.

498 2422 810 2502 AGORACRlTUS,
824 2424 998 2507 CHORUS,
1013 2427 1163 2491 DEMUS.

334 2602 404 2668 AG.
426 2605 543 2685 Linguis
563 2608 659 2669 lavere
681 2612 798 2683 oportet
819 2612 848 2667 et
861 2627 892 2667 os
905 2611 1102 2685 comprimere,
1115 2615 1144 2670 et
1165 2608 1315 2667 aientibus
1328 2607 1369 2664 ci.
1412 2606 1413 2609 ’

293 2689 387 2746 tundis
399 2691 552 2765 obstinere,
565 2698 594 2749 et
607 2691 671 2750 lora
678 2691 808 2766 judicum
818 2690 981 2765 occludere,
995 2694 1098 2765 quibus
1110 2695 1163 2750 istu
1176 2692 1244 2749 urbs
1253 2690 1368 2765 gaudet,

293 2777 323 2827 et
334 2779 456 2845 propter
466 2790 554 2829 nores
573 2774 775 2847 prosperitates
789 2776 917 2843 oportet,
931 2781 964 2828 ut
979 2774 1120 2831 theutrum
1133 2772 1263 2831 Pmenem
1277 2777 1368 2828 canat.

334 2849 459 2911 CHOR.
482 2851 510 2908 0
524 2854 573 2927 qui
587 2852 739 2910 auxiliator
750 2852 836 2909 sacris
849 2854 1005 2926 apparuisti
1019 2855 1116 2913 insulis
1129 2856 1264 2912 etlumen
1279 2851 1368 2908 Athe·

293 2930 348 3004 nis,
361 2950 509 3004 quamnam
521 2934 614 2991 terens
628 2934 733 2991 bonam
746 2932 850 2991 tamum
863 2934 975 3009 venisti,
989 2935 1029 2992 ob
1041 2953 1126 3008 quam
1140 2936 1247 3009 pluteus
1260 2934 1368 3007 replea-

292 3029 355 3069 mus
368 3012 488 3070 nidore?

335 3090 407 3147 AG.
430 3090 569 3167 Populum
581 3094 662 3151 uobis
674 3092 787 3165 decori,
801 3097 831 3151 et
843 3093 991 3167 pulchrum
1004 3113 1068 3153 euru
1082 3112 1118 3151 ex
1133 3094 1212 3169 turpi
1224 3092 1290 3151 leci.
1410 3140 1411 3143 η

336 3169 459 3229 CHOR.
481 3172 520 3231 Et
533 3175 581 3231 ubi
594 3191 668 3231 nunc
679 3182 722 3231 est
733 3175 791 3248 ille,
808 3174 827 3231 ὃ
840 3174 996 3233 admirandi
1009 3181 1111 3233 auctor
1124 3170 1296 3233 commenti?
1410 3200 1411 3229 r

336 3249 407 3311 AG.
429 3255 571 3326 Antiquos
583 3254 683 3313 incolit
694 3256 776 3313 violis
787 3262 936 3313 coronatur
951 3256 1089 3313 Athenas.

335 3328 457 3392 CHOR.
479 3332 536 3402 Qui
547 3336 642 3393 videre
655 3355 719 3394 eum
732 3332 892 3411 possimus?
913 3354 1061 3409 quemnam
1070 3336 1156 3395 hebet
1167 3333 1319 3402 ornatum?
1338 3339 1367 3391 et

297 3414 387 3487 qualis
399 3414 489 3471 lactus
502 3416 564 3473 est?

337 3491 407 3551 AG.
428 3494 529 3563 Qualis
544 3496 662 3554 antehac
674 3497 742 3569 luit,
756 3497 873 3570 quando
897 3514 961 3555 eum
975 3496 1102 3555 Aristide
1125 3503 1154 3555 et
1178 3494 1306 3553 Miltiade
1326 3498 1363 3554 ci.

296 3577 365 3633 bum
379 3593 436 3631 una
450 3579 597 3649 capiebat:
618 3577 677 3650 janu
690 3587 782 3635 autem
795 3579 873 3635 illum
888 3578 1037 3637 ridebitis:
1062 3585 1180 3652 crepant
1200 3577 1270 3635 enin
1284 3580 1319 3635 ab
1330 3597 1364 3636 eo

297 3655 433 3713 vestibuli
450 3658 535 3716 tores.
577 3656 630 3714 Sed
651 3659 830 3733 gratulamini
854 3658 976 3717 Athenis
997 3660 1036 3717 ob
1059 3661 1205 3733 antiquam
1230 3666 1364 3732 receptum

296 3738 429 3810 speciem,
443 3738 573 3805 Athenis,
588 3738 714 3814 inquam,
729 3738 908 3815 admirandis,
922 3740 1087 3815 decantetis,
1102 3739 1131 3796 in
1146 3740 1248 3813 quibus
1261 3738 1362 3797 habitat
1408 3756 1409 3807 u

295 3818 419 3893 inclytus
433 3816 481 3875 ille
494 3816 629 3892 Populus.

339 3896 460 3956 CHOR.
484 3896 632 3970 Onitidre,
647 3899 729 3957 violis
744 3904 899 3977 coronetae,
915 3901 1059 3975 preclarae
1084 3901 1219 3976 Athene,
1233 3900 1362 3959 ostendite

299 3977 382 4033 nobis
394 3976 575 4035 monarcham
590 3981 670 4036 illum
682 3977 805 4038 Graeciae
819 3988 848 4038 et
860 3982 943 4056 hujus
955 3983 1029 4041 soli:

341 4054 411 4114 AG.
431 4056 489 4115 Hic
501 4060 549 4116 ille
571 4066 614 4117 est
634 4060 743 4127 cicadas
765 4063 794 4118 iu
816 4062 924 4135 capillis
947 4068 1070 4137 gestans,
1084 4061 1234 4136 splendens
1253 4059 1362 4134 suique

293 4137 404 4210 specie,
418 4157 477 4194 non
492 4141 615 4198 calculus
630 4141 770 4215 redolens,
786 4142 834 4199 sed
849 4160 959 4217 pacem,
973 4143 1090 4219 myrrha
1101 4142 1252 4200 delibutus.

338 4214 462 4276 CHOR.
483 4216 575 4293 Salve,
589 4220 607 4279 ὂ
623 4219 794 4279 Graecorum
817 4218 903 4281 Rex:
926 4222 979 4281 tibi
993 4224 1188 4297 gratulamurs
1210 4238 1270 4281 num
1290 4224 1361 4283 bone

298 4296 352 4356 tibi
365 4298 525 4375 obtigerunt
538 4306 567 4359 et
578 4303 691 4362 civitate
706 4300 802 4383 digua,
817 4310 847 4364 et
862 4304 913 4364 illu
927 4304 957 4364 iu
969 4300 1142 4365 Marathone
1155 4310 1272 4381 tropeo.
1302 4292 1308 4307 ‘
