2875 4984
288 328 359 434 ¹³10
638 370 1044 437 ιιιιιοιιιιιιιι

340 530 470 591 TRYG.
485 529 584 608 Paper,
597 531 701 607 pepe!
721 530 932 608 qnam'magnos
944 540 975 591 et
986 536 1104 592 acerbos
1112 530 1340 610 Megarensibus
1353 536 1388 595 iu·

299 616 373 691 jecit
385 614 485 673 fletus!

343 694 430 753 BEL.
453 692 487 753 Io
500 692 605 765 Sicilie,
620 698 654 749 ut
670 692 745 767 peris
767 700 800 751 tu
822 695 924 753 etiam!
950 693 1052 763 Qualis
1066 696 1164 754 civitas
1178 701 1390 757 comminuetur

302 776 422 835 misera!
445 794 496 851 age
510 774 656 831 infundam
670 783 699 832 et
713 776 767 832 mel
780 776 869 831 hocce
879 777 1019 833 Atticum.

340 854 467 915 TRYG.
489 854 567 912 Heus
580 860 622 921 tu,
636 860 739 913 auctor
757 873 819 911 sum
834 857 897 933 tibi,
912 860 1014 915 utalio
1028 856 1117 915 uteris
1130 858 1225 915 melle
1261 856 1395 927 Quatuor

302 941 395 998 obolis
407 940 463 993 laec
476 938 572 992 veuit:
595 952 681 1008 parce
695 938 807 992 Attico.
846 991 850 997 .

341 1017 429 1077 BEL.
451 1014 537 1089 Puer,
553 1034 624 1089 puer
636 1014 798 1074 Tumultus.

340 1097 444 1157 TUM.
466 1097 540 1164 Quid
554 1116 598 1152 me
610 1096 714 1153 rocas?

341 1178 430 1237 BEL.
453 1177 533 1235 Male
545 1177 681 1251 plorabis.
709 1178 807 1237 Stasne
820 1176 951 1236 otiosus?
965 1178 1138 1237 uesciseuim
1153 1198 1287 1254 pugnum
1302 1181 1387 1249 istum

301 1266 337 1320 ut
348 1260 386 1317 ιιι
399 1260 525 1317 acerbus.

343 1340 446 1398 TUM.
468 1338 523 1396 Hei
537 1338 605 1395 mihi
617 1338 738 1396 misero!
752 1358 790 1395 mr
781 1339 882 1412 here,
896 1358 965 1396 num
978 1339 1044 1397 allia
1055 1340 1201 1398 indidisti'
1192 1360 1224 1399 ιιι
1239 1339 1388 1417 pugnum!

343 1420 430 1481 BEL.
452 1421 598 1477 Alieresne
617 1420 752 1494 pistillum
765 1419 934 1477 curriculo?

344 1502 447 1561 TUM.
471 1500 554 1572 At,
538 1521 557 1557 o
571 1501 657 1574 bone,
673 1508 786 1558 nonest
799 1501 901 1558 nobist
924 1501 985 1557 heri
996 1500 1055 1556 huc
1066 1502 1331 1577 commigravimus

342 1584 393 1641 BF
402 1582 435 1639 L.
456 1580 563 1639 Nouno
575 1600 643 1638 reto
657 1582 693 1637 ed
706 1580 894 1639 Athenienses
909 1599 1002 1637 curres
1017 1584 1136 1653 petitum
1149 1583 1286 1640 cursim?

344 1662 448 1721 TUM.
470 1660 590 1718 Curram
604 1663 733 1733 equidem
748 1663 862 1731 hercle;
884 1664 927 1717 siu
941 1663 1041 1733 minue
1055 1664 1188 1734 plorabo.

343 1740 472 1801 TRYG.
495 1744 593 1816 Agite,
617 1760 726 1817 quase,
749 1744 818 1814 quid
836 1743 981 1813 iaciemus,
1007 1742 1026 1799 ci
1045 1745 1139 1801 miseri
1160 1742 1389 1801 homunciones?

306 1825 399 1881 ridete
412 1840 495 1897 quam
509 1840 612 1895 magno
634 1840 777 1879 versemur
800 1823 829 1878 in
852 1824 991 1895 periculo.
1032 1822 1150 1897 Quippe
1161 1826 1185 1879 si
1200 1824 1341 1897 pistillum
1355 1825 1388 1879 le·

305 1907 502 1977 renuerent,
522 1904 577 1959 isto
598 1905 756 1961 contundet
775 1904 860 1961 urbes
880 1902 982 1980 otiose
1024 1902 1090 1981 Sed,
1107 1905 1125 1961 ὃ
1141 1903 1272 1981 Bacche,
1289 1911 1388 1980 pereat,

305 2004 359 2043 nee
371 2002 499 2045 reversus
513 1982 606 2041 ieret!

343 2065 432 2124 BEL.
454 2063 517 2121 Eho
531 2070 574 2121 tu.

343 2146 449 2205 TUM.
470 2145 546 2212 Quid
561 2143 624 2201 est?
731 2173 736 2189 ·

344 2225 431 2285 BEL.
453 2224 483 2283 N
487 2243 523 2281 on
536 2226 641 2281 affers?

345 2306 449 2365 TUM.
471 2304 542 2379 Qui,
557 2306 672 2377 malum,
689 2305 827 2363 afferam?
854 2261 944 2365 Periit
956 2303 1175 2363 Atheniensibus
1175 2304 1294 2383 ‚vides‚
1311 2305 1387 2381 pistil-

305 2388 374 2459 lum,
391 2389 538 2458 coriarius,
552 2388 675 2457 iuquam,
690 2387 748 2458 ille,
760 2405 807 2459 qur
799 2388 954 2443 turbabat
965 2385 1118 2452 Greciam.

346 2464 475 2524 TRYG.
499 2465 577 2521 Beue
595 2483 673 2537 sune,
695 2465 714 2521 ὂ
735 2468 896 2523 veneranda
914 2468 1031 2524 demina
1051 2466 1197 2540 Minerva,
1211 2466 1324 2524 lactum
1342 2472 1386 2535 est,

307 2548 385 2621 quod
400 2547 484 2619 periit
497 2547 553 2619 ille,
568 2551 597 2603 et
612 2546 725 2618 quidem
736 2553 901 2619 opportuno
915 2546 1076 2620 reipublice
1090 2554 1232 2622 tempore,
1244 2556 1387 2620 antequam

306 2634 446 2687 moretum
461 2626 543 2683 nobis
556 2626 727 2687 infunderet.

345 2707 435 2766 BEL.
457 2707 487 2766 N
491 2726 528 2765 on
542 2709 626 2782 igilur
639 2708 716 2765 eliud
727 2724 762 2764 er
775 2704 980 2767 mamone
989 2724 1129 2767 arcessere
1141 2706 1339 2783 properabis?

344 2788 452 2847 TUM.
474 2787 538 2846 Hoc
550 2807 617 2863 ago,
631 2790 721 2846 here.

345 2868 437 2926 BEL.
460 2869 527 2927 Cito
541 2888 610 2943 ergo
623 2870 693 2927 redi.

346 2948 476 3008 TRYG.
499 2948 527 3005 0
547 2951 611 3021 riri,
629 2950 697 3024 quid
719 2948 801 3005 nobis
823 2947 890 3008 fiet?
911 2967 989 3006 nunc
1009 2950 1039 3007 in
1060 2968 1169 3008 summo
1182 2968 1227 3007 res
1240 2957 1288 3008 est
1299 2948 1386 3006 discri-

306 3032 393 3090 mine.
434 3029 488 3087 Sed
500 3029 524 3086 si
538 3032 600 3101 quis
614 3030 691 3087 torte
703 3029 828 3087 ιιιιιιιιι
847 3032 876 3087 in
890 3030 1084 3089 Samothracia
1102 3040 1146 3087 est
1164 3032 1308 3104 initiatus,
1322 3046 1386 3085 nunc

306 3113 417 3186 precari
431 3113 522 3182 decet,
538 3116 569 3166 ut
583 3113 633 3182 qui
647 3111 782 3187 pistillum
795 3113 922 3181 arcessit,
938 3112 1013 3169 illius
1026 3112 1260 3184 distorqueantur
1271 3112 1364 3185 pedes.

346 3191 449 3249 TUM.
473 3190 528 3247 Hei
541 3190 608 3247 mihi
621 3192 736 3265 misero,
750 3188 795 3248 bei
809 3190 877 3246 mihi
890 3192 1002 3261 iterum,
1015 3192 1170 3264 iterumque
1180 3192 1226 3249 hei
1239 3190 1328 3251 mihii

345 3268 436 3329 BEL.
457 3268 536 3338 Quid
548 3277 591 3327 est
603 3270 614 3328 i
635 3290 700 3329 uum
716 3289 775 3329 non
789 3272 845 3328 terr
857 3290 936 3331 nunc
948 3271 1056 3330 etiami

345 3350 451 3410 TUM.
473 3349 561 3409 Periit
573 3353 647 3409 enim
660 3358 689 3408 et
702 3349 924 3412 Lacedaemoniis
938 3354 1087 3427 pessimum
1096 3354 1166 3411 illud
1179 3354 1331 3428 pistillum.

345 3430 435 3490 BEL.
456 3431 623 3508 Quomodo,
639 3430 780 3491 sceleste?
858 3456 860 3462 ·

345 3511 450 3573 TUM.
472 3512 510 3570 In
523 3510 673 3571 Thraciam
688 3514 826 3572 utendum
840 3510 903 3571 eliis
916 3531 1001 3588 quum
1013 3515 1156 3573 dedissent
1167 3516 1253 3593 illud,
1269 3514 1385 3591 perdide

303 3602 384 3657 runt.

346 3672 474 3735 TRYG.
496 3672 586 3751 Beue,
600 3677 672 3733 bene
683 3674 803 3752 lactum,
817 3673 837 3731 ὀ
850 3672 1003 3736 Dioscuri!
1025 3676 1101 3735 torte
1113 3680 1186 3734 bene
1198 3678 1276 3734 erite
1297 3677 1386 3733 habete

305 3760 414 3818 bonum
428 3757 564 3832 animum,
577 3758 721 3814 mortales.

345 3836 434 3897 BEL.
456 3836 536 3909 Cape
549 3854 644 3896 rursus
655 3838 716 3897 hec
727 3853 804 3914 raes,
816 3852 903 3910 euque
913 3836 992 3895 iutro
1002 3835 1103 3895 eules:
1119 3855 1250 3913 egerere
1259 3838 1385 3913 ingressu

306 3919 444 3994 pistillum
457 3917 570 3975 leriam.

346 3995 472 4056 TRYG.
493 3996 579 4055 Nunc
599 3996 654 4055 hoc
676 3999 769 4072 ipsum
782 3998 893 4057 Detidis
906 4016 1019 4058 carmen
1034 3999 1138 4057 iterare
1150 4000 1331 4057 commodum
1341 3998 1384 4065 est,

308 4079 385 4153 quod
409 4080 457 4136 ille
482 4080 617 4137 cantabat
639 4080 792 4153 aliquando
816 4082 997 4137 masturbaus
1017 4080 1155 4137 meridies
1179 4076 1278 4145 Quom
1297 4079 1383 4144 letor,

304 4178 392 4238 quam
415 4158 553 4230 delector,
578 4178 664 4237 quom
682 4159 837 4237 goudeor!
863 4159 952 4218 Nunc
971 4162 1065 4235 nobis,
1081 4160 1100 4217 ὃ
1114 4159 1225 4231 Graeci,
1239 4165 1346 4233 te'mpus
1361 4170 1384 4209 se

306 4242 358 4301 det
369 4244 574 4321 opportunum,
587 4248 623 4301 ut
635 4242 724 4301 uoluti
743 4242 840 4301 litibus
861 4244 891 4299 et
910 4243 1014 4318 preliis
1027 4242 1206 4302 extrahamus
1219 4240 1321 4300 Pacem
1334 4252 1382 4296 on·
