2875 4984
458 398 461 406 ·
523 379 553 440 R
563 381 592 442 A
602 381 633 442 N
643 379 694 440 AE.

111 521 258 610 BACCH.
282 525 465 619 Neptune-

110 619 275 682 xenium
299 621 427 680 Indoluit
439 637 594 680 nonnemo.
696 636 700 646 ·

106 703 256 762 BACCH.
278 700 343 772 Qui,
353 700 451 778 AEgei
458 703 668 779 promontoria
675 704 769 775 tener,
779 703 832 759 ιιι
844 694 967 760 cumbe
977 719 1089 777 regnor
1099 722 1161 765 ms·

67 787 112 842 ria
125 783 307 856 infundo-

106 862 217 923 AEAC.
241 863 427 936 Noutiqusm,
442 861 484 918 ita
496 879 541 920 me
563 858 651 920 Cerea
672 866 758 929 amet,
771 877 945 935 cognoscere
958 879 1083 936 possum,
1097 869 1165 922 utar

65 945 196 1002 'vestrim
211 945 248 1001 ιιι
258 945 335 1000 dens.
378 943 431 1000 Sed
446 941 645 1015 ingrediminir
668 959 734 998 nam
747 943 837 999 herus
854 941 917 1016 ipse
930 959 982 1002 ιιιι
995 951 1164 1020 commeat,

66 1031 95 1082 et
111 1024 300 1098 Proserpina,
314 1041 399 1095 quum
414 1024 471 1078 sint
484 1022 522 1078 dii
535 1021 592 1096 ipsi
604 1021 701 1078 etiam.

108 1103 262 1162 BACCH
283 1103 375 1160 Recte
387 1107 528 1159 autumas
572 1099 681 1160 Vellem
693 1105 789 1158 autem
798 1099 854 1158 boc
866 1106 896 1158 te
906 1101 982 1176 prius
991 1101 1165 1174 recusam
1235 1115 1238 1122 '

65 1187 185 1258 tequam
201 1187 296 1258 plagas
311 1183 479 1256 acciperem.

108 1263 239 1322 CHOR.
261 1265 307 1320 Ad
319 1281 416 1320 sacros
431 1264 535 1319 choros
548 1263 631 1335 ades,
642 1259 741 1335 Musa,
754 1267 785 1319 et
797 1261 875 1335 veni,
889 1266 924 1318 nt
936 1250 1084 1322 delecteris
1097 1283 1163 1322 car·

6 1367 8 1376 ’
66 1344 145 1401 mrne
158 1363 237 1418 meo,
252 1361 344 1401 visura
357 1360 536 1400 numerosam
552 1345 726 1416 populorum
740 1343 963 1438 multitudinem,
980 1345 1029 1400 nbi
1050 1345 1167 1420 sapien.
1254 1359 1271 1380 ⁸

66 1423 141 1480 tiae·
133 1441 287 1482 innumerae
302 1425 412 1494 sedent,
427 1422 634 1480 ambitiosiores
650 1423 846 1496 Cleoplronte‚
860 1422 944 1496 eujus
955 1424 986 1479 in
998 1423 1089 1482 labris
1098 1443 1166 1499 gar.

67 1504 140 1560 rulis
154 1504 257 1562 acerbe
270 1505 365 1562 fremit
377 1503 503 1560 Thracia
515 1504 648 1576 hirundo,
663 1517 750 1576 super
771 1503 897 1561 barbaro
918 1503 991 1559 lolio
1009 1506 1163 1564 sessitaus:

67 1591 276 1642 mulctantam
291 1585 412 1660 lugubre
424 1584 548 1654 luscinia
564 1601 687 1659 carmen,
703 1583 783 1641 ιιιιιι
795 1583 954 1710 periturus,
964 1584 1073 1642 etiamsi
1082 1597 1166 1658 pares
1187 1621 1192 1626 -

67 1662 208 1720 lir'erint·
193 1666 305 1722 calculi.

111 1741 206 1802 SEM.
227 1742 356 1818 AEqnsm
370 1749 413 1802 ιιι
427 1747 460 1800 ιιι
474 1753 552 1801 sacer
570 1719 683 1813 chorus,
696 1742 795 1816 qnod
787 1763 817 1800 ιιι
840 1761 899 1800 rem
914 1743 1166 1804 estciritatirmo
1226 1805 1233 1812 ,

68 1829 139 1880 neat
151 1829 180 1880 et
191 1826 301 1884 doceat.
344 1823 468 1882 Primum
482 1825 579 1896 itaque
592 1825 704 1880 ridetur
719 1825 802 1882 nobis
815 1823 1007 1896 exequendas
1017 1828 1078 1883 ess'e
1091 1827 1166 1884 eires

69 1920 134 1960 cum
159 1904 282 1977 civibus,
297 1910 428 1962 almetas
450 1905 633 1962 adimendus.
656 1912 716 1961 tum
738 1905 761 1960 si
784 1904 847 1977 quis
867 1903 976 1976 aliquid
992 1908 1173 1979 peccaverit,

69 1983 212 2057 deceptus
229 1982 387 2062 Phrynichi
409 1984 583 2056 artificiis,
558 2001 603 2040 aro
626 1990 763 2056 oportere
782 1983 947 2042 facultatem
961 2001 1022 2041 esse
1034 1985 1101 2058 illis,
1115 1986 1167 2060 qui

69 2066 143 2120 tuuc
158 2065 318 2159 lapsisunt,
331 2081 414 2122 causa
427 2063 515 2154 dicta,
531 2063 654 2118 diluendi
667 2061 768 2134 priora
789 2068 915 2136 peccata.
958 2059 1103 2122 Praeterea
1115 2083 1167 2121 ne·

68 2145 175 2200 minem
190 2143 221 2199 in
242 2143 357 2202 civitate
370 2143 417 2200 aio
431 2129 567 2215 oportere
578 2143 614 2196 ab
626 2141 785 2197 honoribus
795 2141 920 2197 excludi.
949 2139 1065 2200 Etenim
1081 2150 1168 2217 turpe

68 2229 117 2279 est
129 2224 207 2296 illos,
222 2241 272 2296 qur
262 2224 371 2282 semel
383 2223 579 2280 interfuerunt
593 2220 694 2296 praelio
706 2222 812 2296 navali,
827 2227 858 2278 et
880 2218 1051 2280 Plataeemes
1070 2225 1168 2281 statim

70 2301 147 2377 lieri,
163 2309 193 2360 et
212 2303 343 2362 dominos
357 2321 412 2376 pro
426 2303 523 2360 serris.
567 2299 704 2373 Equidem
721 2320 774 2358 nec
787 2301 863 2357 istud
877 2319 982 2374 negare
1002 2306 1108 2376 possim
1121 2323 1168 2362 re·

72 2389 121 2439 cte
136 2398 168 2440 se
180 2383 304 2454 habere3
326 2401 425 2440 rerum
433 2383 542 2438 laudo·
559 2380 621 2438 haec
634 2382 707 2438 enim
718 2381 932 2454 solasapienter
944 2382 1060 2440 lecistis.
1088 2381 1169 2442 Prae-

72 2467 154 2519 terea
168 2477 279 2536 aequum
294 2468 339 2520 est
350 2479 401 2519 ros
413 2463 481 2535 illis,
495 2479 541 2533 qur
533 2461 702 2518 vobiscum
716 2480 792 2535 saepe
801 2461 875 2536 jam,
886 2467 918 2518 ιιι
930 2467 960 2518 et
973 2469 1106 2536 parentes
1116 2483 1169 2522 eo·
1241 2523 1247 2544 Ι

72 2551 153 2614 rum,
167 2541 360 2600 interfuerunt
373 2542 479 2615 praeliis
490 2543 649 2616 navalibus,
664 2543 772 2618 quique
784 2559 888 2614 genere
910 2541 996 2600 robis
1009 2545 1169 2620 propinqui
1191 2576 1194 2580 Δ

6 2639 11 2656 ⁵
72 2629 155 2694 sunt,
171 2641 256 2680 urnam
269 2622 344 2680 lianc
366 2640 471 2680 noram
485 2619 641 2693 remittere,
655 2621 742 2692 rdque
756 2621 929 2695 petentrbus
972 2620 1071 2696 Sed,b
1091 2626 1168 2698 sapi·

71 2701 246 2776 ιιιιιιιιιιιὶ,
238 2720 282 2759 ιιι
294 2703 423 2760 nonnihil
444 2705 550 2773 laxata,
566 2701 661 2757 demus
675 2717 802 2774 operam,
818 2707 852 2758 ut
862 2716 959 2756 omnes
972 2698 1101 2760 homiues
1114 2723 1170 2762 no·

28 2817 32 2824 «
72 2783 119 2839 bis
133 2783 216 2854 quasi
230 2787 368 2856 cognatos
380 2783 531 2854 faciamus,
545 2787 574 2837 et
590 2787 620 2836 ιιι
642 2782 772 2836 omnibus
786 2777 904 2852 adipisci
918 2779 1042 2838 honores
1064 2789 1095 2838 et
1107 2800 1169 2842 essa

73 2861 184 2920 uiribus
195 2861 291 2935 liceat,
307 2861 357 2934 qui
372 2859 608 2918 unadecer'tarint
620 2860 723 2932 p'raelio
733 2858 838 2918 navali.
880 2858 910 2917 Si
919 2861 1032 2916 antem
1023 2877 1053 2917 nr
1063 2879 1170 2937 conce-

73 2943 169 3000 denda
183 2942 297 3000 civitate
312 2941 435 3020 tumidos
450 2947 479 2998 et
491 2934 631 3013 tupeiboa
647 2958 698 2998 nos
717 2940 892 3023 gesserimus,
907 2941 1065 3012 praesertim
1078 2959 1169 3014 quum

74 3024 107 3078 in
122 3018 200 3078 niuis
216 3021 353 3079 fluctuum
373 3011 550 3097 jactemur,
543 3039 572 3076 ιιι
595 3026 743 3093 posterum
766 3038 826 3076 nun
847 3025 924 3076 recte
935 3037 1037 3094 sapere
1060 3023 1169 3080 ridebi-

73 3121 152 3161 mur.

117 3179 245 3239 CHOR.
267 3181 390 3248 Quod
368 3200 392 3238 ιι
404 3199 458 3255 ego
473 3179 591 3238 callidus
604 3199 666 3238 sam
679 3180 818 3254 dispicere
830 3181 915 3238 rilem
929 3135 1051 3238 hominis
1065 3187 1094 3240 et
1106 3201 1178 3242 moe

73 3281 134 3336 res,
149 3263 200 3334 qui
213 3263 341 3334 plorabit
353 3263 518 3336 aliquando,
533 3280 591 3318 nou
606 3261 654 3317 diu
669 3262 866 3326 immorabitur
878 3260 959 3320 rel
938 3264 1034 3319 srmius
1048 3264 1170 3360 illepqui

74 3359 158 3400 nunc
174 3343 306 3400 molestus
320 3347 374 3417 est,
386 3343 505 3436 pusillus
516 3340 657 3414 Cligenes,
667 3342 817 3397 balneator
827 3342 875 3398 ille
885 3340 1023 3413 pessimus
1042 3345 1170 3400 omnium

6 3429 11 3444 '
76 3428 223 3497 quotquot
235 3428 366 3480 tractant
373 3423 496 3478 cinerem
508 3439 545 3478 ex
558 3421 631 3478 falso
645 3423 724 3479 nitro
736 3428 766 3478 et
779 3423 996 3478 cratamixtum.
1038 3421 1107 3480 Hoc
1120 3441 1169 3480 au·

76 3511 138 3561 tem
150 3519 240 3574 quum
253 3503 333 3573 sciat,
347 3520 405 3559 non
419 3501 476 3558 erit
488 3506 618 3577 pacatus,
633 3519 668 3558 ne
681 3501 760 3559 forte
772 3501 912 3575 spolietur
924 3501 1050 3560 restibus
1063 3504 1169 3577 ebrius,

76 3585 141 3642 sine
153 3582 233 3657 ligno
246 3583 389 3640 incedens.
405 3587 413 3616 ¹

119 3659 209 3720 SEM.
229 3661 311 3738 Saepe
323 3660 571 3721 animadvertimus
584 3659 692 3719 civitati
703 3666 809 3718 nostrae
821 3660 933 3718 evenire
945 3659 1018 3720 idem
1033 3663 1171 3731 circabu·

79 3761 134 3800 nos
147 3749 184 3800 et
191 3744 299 3815 probos
322 3745 406 3816 cives,
418 3741 497 3814 quod
519 3743 545 3797 ei
563 3742 659 3798 evenit
679 3743 756 3800 circa
776 3747 886 3798 veteres
907 3736 1039 3800 nummos
1066 3750 1096 3799 et
1116 3761 1171 3799 no·

79 3840 143 3879 ιοι.
187 3821 264 3880 Nasu
284 3830 314 3882 et
332 3825 399 3897 illis,
424 3822 549 3894 quamvis
569 3840 642 3878 non
651 3823 708 3880 siut
732 3821 895 3895 adulterini,
917 3823 966 3878 sed
985 3823 1087 3896 optimi
1109 3841 1171 3880 om-

79 3904 171 3978 nium,
185 3908 218 3959 ut
231 3909 355 3976 constat,
371 3919 562 3977 nummorum,
577 3908 606 3959 et
627 3901 681 3962 soli
695 3902 786 3976 probe
800 3905 870 3976 cusi,
886 3906 916 3958 et
935 3902 1041 3974 tinnitu
1054 3905 1172 3977 probati

79 3983 199 4059 ubique,
213 3989 269 4044 tam
283 3985 361 4058 apud
373 3981 507 4055 Graecos,
521 4000 604 4055 quam
617 3983 696 4056 apud
718 3983 870 4056 barbaros,
885 3999 945 4037 nou
958 3982 1064 4040 utimur
1078 3985 1171 4042 omui·

42 4135 46 4141 Δ
80 4082 144 4120 no:
166 4065 215 4122 sed
229 4064 310 4122 malrr
324 4065 366 4122 lus
377 4081 460 4122 aeners
475 4081 567 4136 nuper
579 4065 664 4137 cusis,
679 4069 756 4120 notae
780 4062 916 4135 pessima.
958 4057 1080 4120 Etcrres
1092 4065 1170 4136 ullos,

80 4161 155 4216 quos
172 4145 275 4202 scimus
288 4163 348 4204 esre
361 4145 499 4219 ingenuos
520 4149 549 4200 et
569 4145 724 4216 modestos,
739 4145 869 4215 virosque
877 4143 985 4217 J'ustos,
997 4145 1090 4200 bonos
1103 4145 1171 4201 item

81 4230 112 4280 et
124 4225 247 4297 probos,
266 4233 295 4283 et
306 4225 458 4282 educatos'
451 4242 480 4281 ιιι
495 4225 632 4297 palaestris
646 4228 675 4282 et
692 4221 787 4280 eboris
800 4229 830 4278 et
842 4223 960 4296 musica,
973 4224 1173 4297 indignissimir

82 4305 265 4365 contumeliis
284 4305 448 4366 adliciuntur
472 4304 533 4364 istis
552 4312 648 4366 autem
662 4303 742 4368 aereis
763 4309 793 4365 et
804 4304 971 4386 peregrinis,
985 4310 1018 4379 et
1031 4302 1171 4380 Pyrrhus,
