2875 4984
276 376 353 435 ess
673 356 1049 433 sursuurnsurs
1071 458 1074 471 η

289 529 406 605 insptus
417 533 449 587 et
468 529 593 589 inscitus.
632 527 687 587 Sed
710 530 902 609 multomagis
924 530 1045 589 stolidus
1057 522 1213 589 mihisisni
1224 533 1271 590 est
1285 528 1386 609 Amy.

290 611 352 669 niso
363 610 431 670 Selli
449 610 537 685 lilius,
549 612 586 669 de
598 608 721 689 Crobyli
745 613 890 688 prosapia,
905 610 965 685 ille,
977 628 1062 685 quem
1073 626 1129 688 ego
1146 612 1303 685 aliquunde
1318 612 1388 669 vidi

289 704 346 765 pro
360 710 448 767 pomo
458 696 491 751 e't
511 692 587 749 malo
609 695 718 767 punico
730 707 843 752 coensre
855 711 917 751 cum
939 690 1093 767 Leugores
1113 692 1202 749 esurit
1214 694 1292 751 enim
1305 694 1388 751 sicut

287 779 319 830 et
331 773 476 849 Antipho.
517 771 571 830 Sed
591 776 666 832 eninr
684 772 849 833 Pharsalum
871 774 943 831 abiit
963 775 1090 848 legetuss
1111 772 1213 831 deiude
1232 774 1275 831 ihi
1298 776 1386 831 solus

288 869 355 911 cnm
366 856 434 912 solis
447 852 645 913 Thsssslosum
658 853 785 914 Penestis
805 871 864 912 uns
875 860 948 931 erst,
962 854 1023 929 ipsc
1035 860 1152 929 penests
1166 872 1251 927 quum
1264 855 1385 912 sitnon

283 935 381 993 mium
394 952 429 993 sc
442 935 533 1009 quiris
545 936 629 994 elius.
900 934 903 947 ¹

327 1014 419 1074 SEM.
441 1014 469 1075 0
488 1015 559 1073 felix
572 1018 760 1092 Automcnes,
776 1032 861 1091 qusm
886 1021 914 1073 te
936 1016 1049 1075 hostum
1073 1014 1280 1091 predicamus!
1301 1015 1385 1074 tilios

286 1098 409 1171 genuisti
429 1098 626 1156 solertissimos
648 1098 792 1170 artificem
813 1097 937 1171 primum
959 1096 1069 1172 quidem
1095 1097 1224 1156 omnihus
1245 1104 1381 1172 gratum,

285 1179 566 1250 uirumqucmunims
578 1187 685 1252 mmm,
694 1180 785 1254 illum,
803 1180 927 1253 inqusm,
946 1177 1047 1251 fidibus
1060 1194 1161 1235 osnere
1171 1177 1382 1246 doctissimum,

286 1278 370 1334 quem
399 1266 532 1318 uenustas
557 1260 774 1318 comimhsturs
808 1260 930 1317 silerum
954 1259 1133 1331 histrionem,
1159 1257 1274 1317 difficile
1295 1259 1382 1316 dictu

286 1358 374 1413 quam
393 1339 516 1398 scitum!
545 1357 636 1415 porro
658 1341 850 1416 Ariphrsdem
870 1339 962 1399 molto
986 1338 1259 1415 ingeniosissimum
1292 1356 1381 1411 quem

285 1422 439 1493 aliquando
448 1422 567 1495 jurabat
580 1428 662 1496 puter
675 1424 756 1479 nullo
764 1421 899 1495 magistro
913 1437 1003 1495 usum,
1015 1420 1063 1479 sed
1077 1426 1181 1493 suopte
1194 1417 1311 1497 ingenio
1324 1436 1381 1495 per

286 1519 319 1561 se
330 1502 460 1560 didicisse
472 1504 566 1577 lingua
579 1499 702 1578 pstrsre,
716 1502 867 1577 lupsnnrie
879 1501 1030 1559 intrantem
1041 1502 1200 1559 identidem.

283 1611 287 1619 ·
326 1580 419 1642 SEM.
440 1581 524 1657 Sunt,
538 1586 588 1659 qui
610 1602 657 1641 me
676 1584 812 1642 dixerunt
836 1585 866 1638 in
887 1584 1007 1657 gretiam
1029 1582 1143 1640 rediisse
1166 1598 1232 1638 cnm
1252 1578 1376 1641 Cleonc.

285 1661 382 1732 Quum
395 1667 419 1721 is
439 1682 485 1721 me
505 1666 637 1723 nonnihil
657 1668 788 1723 turbaret
801 1679 916 1739 urgens,
931 1670 961 1721 et
981 1680 1026 1721 me
1038 1662 1152 1736 probris
1165 1662 1378 1735 proscinderet,

286 1746 456 1817 demumque
467 1762 553 1817 quum
575 1748 747 1820 vapularem,
761 1744 811 1818 qui
834 1744 905 1801 loris
927 1749 1021 1817 erent,
1035 1744 1202 1801 deridebant
1223 1760 1271 1801 me
1293 1744 1378 1803 ralde

284 1826 502 1899 socileiuutem,
515 1827 749 1902 spectnhnntque,
763 1841 822 1882 non
836 1821 913 1897 quod
930 1825 995 1882 illos
1006 1823 1102 1899 eliqua
1114 1822 1168 1881 msi
1181 1829 1314 1898 taugeret
1326 1844 1379 1883 cu·

282 1924 331 1981 na,
345 1907 395 1965 sed
411 1912 523 1964 tantum
545 1913 580 1965 ut
590 1908 730 1981 riderent,
743 1924 780 1963 sn
803 1905 954 1978 aliquando
966 1922 1080 1979 pressus
1092 1904 1241 1963 dicterium
1253 1906 1378 1978 eliqnod

286 1986 438 2045 emissurus
451 2005 548 2046 essem.
589 1985 677 2057 Quod
690 2003 743 2065 ego
757 2004 841 2060 quum
854 1988 1098 2061 persentiscerem,
1113 1986 1290 2045 subblandiri
1303 2004 1384 2062 pau·

275 2068 375 2129 'lulum
388 2071 474 2146 coepi.
514 2067 642 2129 Proinde
653 2058 744 2147 nunc,
756 2069 849 2144 aiunt,
867 2059 975 2129 Ridico
986 2066 1097 2127 delusit
1108 2069 1209 2127 vitem.

312 2350 522 2432 xsuums,
538 2350 971 2431 CHORUS,PH1LO0LEO‚
986 2348 1345 2429 eonnrcuuomu.

531 2453 847 2539 urnnnsusnm,
862 2458 1121 2522 Accussuon.

324 2615 487 2677 XANTH.
508 2614 647 2677 Obestns
659 2636 711 2682 uos
729 2617 882 2677 testudines
896 2618 934 2676 ob
947 2624 1070 2677 uestram
1085 2620 1189 2691 eutem,
1204 2619 1236 2673 si
1246 2618 1293 2672 ter
1306 2612 1373 2672 hen·
1414 2670 1415 2681 2

283 2704 505 2775 tom-preessent
525 2699 584 2757 ills·
597 2703 715 2759 laterum
739 2712 867 2757 meorum
882 2698 973 2757 cutis!
995 2712 1084 2772 quem
1106 2699 1179 2767 bene
1198 2702 1229 2753 et
1251 2696 1372 2770 prorids
1414 2724 1415 2773 p

284 2788 394 2855 tergum
407 2788 532 2841 restrum
555 2786 628 2838 tests
641 2781 801 2854 obtexistis,
815 2798 879 2853 qum
904 2782 1001 2855 plagas
1022 2779 1110 2837 illssss
1123 2778 1250 2836 toleret:
1273 2782 1371 2851 elego
1414 2778 1415 2839 i

284 2864 367 2935 perii,
381 2883 469 2936 quum
484 2855 591 2936 tergum
605 2880 696 2920 meum
710 2863 813 2919 baculo
827 2862 1003 2920 inscribitur.
1414 2840 1415 2933 l

323 2941 445 3001 CHOR.
467 2943 546 3011 Quid
557 2949 612 3016 est,
625 2942 644 2999 d
659 2940 753 3018 puer?
776 2960 840 2999 num
863 2960 995 3018 puerum,
1009 2942 1122 2999 temetsi
1134 2944 1178 2999 esi
1191 2954 1291 3015 senex,
1305 2954 1369 2997 eum
1414 2934 1415 3027 i

282 3042 388 3083 socero
400 3041 452 3097 pnr
466 3031 520 3097 est,
535 3024 584 3095 qui
597 3025 695 3099 plegns
707 3025 860 3099 acceperit.
1414 3036 1415 3067 1

316 3103 486 3161 XANTH.
506 3107 615 3161 Annon
637 3123 707 3179 ergo
728 3104 777 3161 ille
790 3122 874 3162 sonex
897 3104 1001 3161 malum
1024 3106 1087 3161 erat
1108 3100 1329 3173 strodssimnm,
1344 3104 1372 3157 et

282 3184 470 3242 convivarum
478 3187 571 3247 multo
577 3183 834 3259 petulantissimus?
849 3184 1044 3243 Etsisdessent
1054 3180 1213 3259 -Hippylus,
1225 3181 1370 3257 Antipho,
1414 3232 1415 3277 p

282 3262 377 3338 Lyco,
392 3262 579 3341 Lysistratus,
587 3266 813 3343 Theophrastus,
825 3263 1012 3343 Phrynichus,
1024 3265 1127 3321 horum
1136 3272 1235 3320 sumen
1247 3264 1299 3319 ille
1312 3281 1371 3321 om·

282 3346 361 3403 nium
382 3346 542 3421 longeerst
561 3348 803 3424 iuj'urioeissimus.
845 3346 942 3415 Quum
956 3346 1031 3403 enim
1055 3345 1219 3419 septimum
1242 3344 1372 3417 implerit

283 3426 379 3485 multis
394 3427 516 3498 deliciis,
531 3429 645 3502 occepit
668 3430 781 3497 saltere,
793 3428 956 3503 tripudiare,
970 3425 1084 3501 pedere,
1099 3425 1202 3495 ridere,
1217 3432 1250 3481 ut
1271 3424 1373 3481 asellus

281 3506 391 3567 hordeo
403 3516 555 3585 saturatus,
570 3516 600 3567 et
613 3528 657 3569 me
667 3510 833 3567 verberarit
846 3512 948 3585 probe,
961 3506 1057 3581 Puer,
1071 3502 1166 3580 Puer,
1182 3505 1370 3577 compellans.

280 3586 393 3647 Deinde
404 3597 436 3647 ut
446 3592 537 3662 ipsum
552 3590 622 3648 sidit
644 3589 831 3667 Lysistratus,
846 3586 987 3664 increpuit
998 3604 1072 3662 eum,
1086 3587 1140 3643 hec
1152 3583 1219 3643 usus
1237 3584 1373 3643 similitu·

279 3669 365 3726 dine:
387 3669 501 3728 Similis
513 3690 553 3743 es,
567 3670 696 3741 boenes,
702 3673 778 3747 feei
790 3671 1014 3739 neccessitate,
1029 3669 1179 3725 eluistors'
1190 3670 1243 3743 qui
1252 3669 1374 3741 aufugit

279 3751 311 3805 in
317 3750 430 3826 polens.
451 3751 493 3807 At
505 3751 554 3809 ille
565 3752 680 3810 sublato
691 3756 816 3812 clamore
827 3752 917 3825 ipsum
926 3756 1029 3809 contre
1040 3748 1225 3806 similemesse
1238 3746 1317 3805 dixit
1330 3748 1372 3804 lo-

280 3838 380 3899 custo,
392 3851 454 3909 quse
473 3834 579 3903 floccos
601 3835 700 3891 emim
717 3832 806 3909 palli,
820 3840 850 3889 'et
870 3828 1011 3891 Sthenelo
1033 3828 1216 3906 supellectile
1230 3827 1370 3904 spoliato.

279 3905 327 3966 Illi
340 3931 408 3969 vero
426 3914 551 3986 plausum
573 3914 746 3987 excitarunt,
758 3919 880 3987 excepto
901 3910 1103 3986 Theophrssto
1123 3910 1200 3980 solo,
1214 3908 1269 3981 qui
1291 3908 1372 3966 lehre

279 3988 487 4066 distorquebst,
501 4000 604 4067 utpote
617 3993 661 4052 ris
681 3994 767 4052 scitus
780 3998 809 4049 et
829 3996 952 4069 elegeos.
993 3988 1070 4049 Tum
1091 4005 1177 4047 senex
1198 3986 1371 4063 Theophra·

278 4072 355 4127 stum
378 4076 540 4144 percontari
560 4074 695 4134 sicinlit:
718 4073 778 4134 Dic
792 4074 982 4150 millesono
1006 4073 1156 4149 superbis,
1168 4074 1371 4143 censurasque

277 4156 308 4207 et
321 4152 436 4229 lepidos
445 4154 551 4212 haberi
562 4158 618 4225 vis,
627 4159 678 4233 qui
690 4154 859 4215 scurriliter
869 4150 1214 4229 divitibsssuhpslpnrs's
1227 4146 1372 4228 s'crrsper.²

277 4231 324 4301 Eu
324 4230 447 4309 jusmodi
460 4238 636 4297 coutumeliis
655 4238 783 4313 singulos
796 4232 1150 4307 insectubslumxc‘sstillsns
1162 4230 1281 4302 rusum,
1296 4245 1370 4308 pnt-
