2875 4984
282 379 328 456 ,ee
628 371 1026 459 unrsrorpnnas

288 539 417 595 cantaret
428 534 600 606 Telamonis,
610 553 698 610 quum
709 545 825 599 mutare
836 532 1374 614 dehnhaetacolionClllapormmsa
1425 572 1426 593 i

289 620 481 690 laudaremus,
496 619 648 690 etinsnper
661 618 862 692 pejeraremns.
916 614 919 619 ’

327 697 430 835 Fle.
451 697 506 757 Sed
519 697 566 758 isti
579 717 674 758 rursus
684 701 739 758 huc
753 702 935 766 contemnat
951 697 1058 762 Nonne
1068 697 1217 775 famuli&
1239 698 1374 764 verber&

287 796 338 836 nes
1425 810 1426 827 2

328 853 435 932 CIRC.
465 857 513 918 lta
525 859 639 921 hercle:
660 859 721 936 jam
735 862 809 924 enim
823 863 900 921 intus
913 859 1095 935 egrediuntur
1106 857 1244 932 consiva.

328 935 419 996 LEG.
435 937 462 998 0
477 937 677 1018 Polycharida,
693 959 764 1019 cape
776 943 870 1020 tibias,
882 955 974 1022 ntego
986 940 1136 1020 tripudiem
1148 946 1179 998 et
1190 954 1290 1009 canam
1303 933 1373 1012 lepi-
1425 940 1426 971 ¹

285 1019 321 1076 de
334 1019 362 1076 in
378 1021 565 1078 Athenienses
576 1028 604 1079 et
621 1041 673 1079 nos
686 1021 780 1082 simul.

326 1098 417 1159 POL.
437 1100 516 1174 Quin
532 1108 648 1178 tucape
662 1102 756 1175 tibias,
769 1122 820 1177 per
833 1104 900 1164 deos
914 1102 1055 1175 obsecro:
1076 1097 1227 1177 namnihil
1247 1115 1296 1175 mo
1315 1112 1373 1157 ma·
1425 1144 1426 1165 ,

284 1183 326 1258 gis
342 1183 478 1252 oblectat,
489 1201 574 1255 quam
587 1177 675 1240 siros
688 1185 823 1243 saltantes
837 1184 997 1256 conspicer.
1425 1190 1426 1197 ’

325 1260 418 1319 LEG.
442 1259 556 1338 hiscite,
583 1262 602 1320 d
618 1263 820 1342 Mnemosyne,
845 1264 964 1339 juvenes
978 1263 1075 1334 hosce,
1088 1265 1220 1318 etmeam
1243 1256 1369 1330 Musam,

285 1360 349 1418 qnae
364 1349 498 1401 nostrast
508 1344 724 1401 Atheniensium
736 1346 876 1419 praeclara
886 1345 963 1402 tacta
976 1344 1075 1404 uouit:
1088 1341 1205 1414 quando
1217 1337 1246 1397 hi
1261 1339 1370 1411 quidem
1425 1334 1426 1409 l

280 1424 319 1490 ad
334 1421 533 1498 Artemisium,
546 1424 599 1484 diis
613 1426 728 1498 similes,
743 1427 880 1499 impetum
900 1425 1030 1482 iecerunt
1042 1424 1071 1480 in
1094 1439 1179 1478 naues
1199 1419 1328 1491 hostiles,
1343 1425 1371 1475 et
1425 1442 1426 1445 ¹

282 1492 387 1562 Medos
400 1505 541 1562 vicerunt.
569 1502 633 1564 Nos
646 1524 715 1564 vero
730 1503 871 1564 Leonidas
892 1506 1024 1580 ducebat,
1041 1516 1176 1576 tanquam
1189 1518 1288 1574 apros,
1303 1517 1369 1556 exa·
1425 1502 1426 1557 ἕ

283 1593 398 1646 cuentes
411 1587 522 1644 dentem
539 1604 548 1642 ε
578 1583 700 1659 plurima
716 1595 811 1645 antem
825 1588 902 1644 eirca
915 1604 967 1644 ora
980 1602 1081 1658 spuma
1093 1581 1295 1650 efflorescehat,
1310 1581 1370 1657 pln-
1425 1604 1426 1647 i

281 1667 410 1739 rimaque
418 1666 501 1724 simul
512 1665 654 1724 defluebat
667 1669 806 1725 cruribus.
821 1665 913 1726 Erant
925 1665 1001 1744 enim
1012 1665 1064 1722 riri
1077 1661 1170 1721 Persae
1184 1680 1302 1720 numero
1313 1679 1370 1717 noo
1425 1690 1426 1703 κ

282 1747 441 1819 panciores,
455 1765 537 1819 qnam
552 1764 648 1804 arena.
685 1747 825 1809 Silvarum
840 1754 942 1822 potens
956 1745 1048 1805 Diana
1059 1745 1199 1813 senatrix,
1222 1743 1279 1805 hnc
1290 1743 1368 1818 ades,

280 1827 364 1901 virgo
383 1829 459 1902 diva,
482 1827 517 1882 ad
530 1824 621 1884 loedus
634 1834 776 1901 nostrum,
800 1835 831 1883 ut
845 1827 1029 1885 concordiam
1050 1833 1177 1900 nostrum
1188 1823 1239 1880 diu
1255 1823 1369 1896 tuearis,

279 1915 366 1981 utque
376 1908 437 1983 jam
448 1907 580 1980 deinceps
592 1905 716 1964 amicitia
729 1914 895 1982 permaneat
906 1907 1008 1977 facilis,
1021 1905 1093 1968 inito
1107 1905 1235 1975 foedere3
1250 1910 1280 1962 et
1290 1911 1369 1962 astu·

279 1989 348 2049 uam
359 1987 506 2066 ‚vulpinam
519 1989 631 2052 missam
643 1987 777 2048 faciamus
790 2007 799 2046 a
827 1988 846 2046 ὂ
859 1986 916 2044 huc
929 1987 1006 2056 ades,
1022 1986 1040 2044 ὃ
1054 1986 1186 2056 venatrix
1197 1986 1288 2059 uirgo.

319 2065 403 2128 LYS.
424 2069 510 2144 Agite
523 2085 601 2128 nnnc
614 2069 697 2128 rebus
707 2070 780 2128 hene
791 2070 912 2146 peractis
922 2070 1033 2140 ceteris,
1045 2067 1181 2123 abducite
1190 2067 1269 2138 istas,
1282 2061 1305 2122 δ’
1314 2061 1369 2125 La-

279 2168 366 2209 cones
377 2169 387 2220 ;
399 2149 449 2212 has
458 2156 562 2219 autem,
573 2169 642 2209 rose
657 2149 701 2208 rir
711 2151 788 2224 apud
799 2151 954 2220 mulierem,
967 2155 996 2205 et
1006 2147 1106 2206 mulier
1115 2147 1257 2222 stetapud
1267 2147 1367 2208 virum.

278 2227 318 2294 Et
331 2230 432 2287 deinde
446 2230 485 2286 oh
499 2229 608 2286 felicem
623 2247 717 2287 rernm
732 2248 904 2302 successum,
918 2229 1030 2290 choreis
1041 2230 1072 2289 in
1091 2229 1211 2288 deorum
1230 2227 1370 2292 honorem

278 2311 383 2378 ductis,
399 2326 547 2369 careamus
561 2310 695 2382 deinceps
708 2328 808 2368 rursus
822 2328 953 2384 peccare.
1141 2359 1144 2364 .
1355 2341 1360 2348 ·

280 2383 285 2392 ’
319 2387 445 2460 CHQR.
460 2387 611 2448 nTfldN.
627 2391 733 2446 Adduo
747 2386 978 2464 chorum,adduc
990 2389 1074 2446 etiarn
1086 2384 1213 2456 Gratias:
1231 2393 1370 2464 praterea

276 2469 398 2534 Dianam
407 2471 533 2541 advectu
551 2471 659 2527 advoca
667 2469 753 2530 etiam
762 2475 902 2552 geminum
912 2471 1017 2540 Dianae,
1028 2469 1226 2541 choridpcem,
1239 2467 1370 2528 Paeanem
1424 2498 1425 2513 r

275 2551 446 2626 benignum:
459 2551 567 2619 advoca
576 2548 708 2628 Nysiam,
720 2555 833 2610 cuicum
842 2551 1024 2611 Maenadihua
1037 2551 1113 2608 oculi
1121 2556 1186 2607 snut
1194 2550 1367 2625 flagrantes:

275 2629 435 2705 Jorerque
448 2631 506 2706 igni
520 2649 677 2701 coruscum,
690 2638 720 2690 et
735 2635 887 2712 conjugem
907 2631 1094 2709 venerendam
1108 2631 1218 2688 advoca
1230 2631 1367 2694 heatann
1424 2678 1425 2691 ,

275 2713 377 2774 deiude
386 2730 454 2770 vero
466 2713 545 2781 deos,
557 2713 660 2786 quihus
673 2715 792 2772 testibus
806 2724 916 2773 utemur
929 2732 987 2772 non
1003 2711 1150 2770 ohliriosis
1163 2712 1240 2768 cirea
1251 2729 1368 2786 magna·

274 2795 376 2874 nimam
393 2811 500 2870 pacem,
516 2794 679 2866 quemfecit
695 2795 761 2852 dira
781 2794 896 2874 Cypria.
942 2795 1034 2853 Alalae
1047 2794 1078 2850 io
1098 2790 1194 2868 Pano,
1208 2791 1303 2854 tollite
1318 2809 1367 2851 ros

273 2873 419 2947 sublimes,
431 2873 480 2932 io!
503 2881 637 2946 tauquam
651 2875 772 2932 victoria
786 2875 883 2955 potiti,
898 2876 928 2932 ie
942 2873 951 2932 l
982 2873 1063 2944 Eum,
1084 2889 1171 2942 ωας
1196 2867 1278 2947 ilua,
1292 2891 1366 2948 epa.

273 2951 386 3028 Lacon,
403 2959 434 3009 tu
446 2953 506 3027 jam
522 2954 619 3026 profer
631 2955 801 3012 cantilenam
814 2973 917 3013 noram
932 2961 998 3028 post
1011 2971 1123 3009 novam.

315 3032 439 3092 CHOR.
462 3031 553 3091 LAC.
578 3032 740 3109 Taygetum
759 3037 907 3094 amabilem
922 3035 1094 3112 relinquens,
1109 3029 1366 3094 rursusveuiMu·

274 3134 306 3179 sa
316 3113 450 3184 Lacaena,
461 3115 651 3173 venerandum
660 3117 742 3172 nobis
752 3118 897 3175 celebrans
907 3115 1091 3191 Amyclarum
1101 3113 1195 3184 deum,
1204 3120 1234 3169 et
1249 3109 1364 3180 Chalci·
1423 3114 1424 3125 ¹

275 3214 366 3253 oecam
376 3193 548 3265 Minervam,
561 3193 798 3270 Tyndaridasque
808 3198 909 3271 fortes,
919 3196 967 3269 qni
977 3196 1012 3252 ad
1023 3193 1159 3252 Eurotam
1168 3193 1284 3270 lnduut.
1314 3191 1365 3270 Eia

273 3278 385 3334 naviter
396 3274 556 3349 ingredere,
570 3277 660 3334 levem
676 3279 756 3350 pallii
764 3274 892 3350 quatiens
901 3275 1039 3348 institam,
1054 3282 1085 3334 ut
1093 3274 1224 3349 Spartam
1239 3273 1365 3335 celebre·

273 3375 347 3430 mus,
362 3358 408 3416 eui
421 3357 538 3414 deornm
557 3355 638 3418 chori
652 3365 718 3415 sunt
733 3377 819 3432 cora,
833 3365 863 3417 et
876 3359 976 3432 pedum
990 3358 1126 3432 strepitus
1142 3374 1151 3412 a
1175 3354 1278 3428 puellae
1292 3369 1364 3410 vero

272 3431 396 3513 propter
421 3433 572 3510 Eurotam,
589 3445 622 3494 ut
635 3440 708 3510 pulli
730 3440 838 3511 equini,
851 3438 1023 3512 subsultant,
1042 3438 1145 3494 crebro
1159 3435 1262 3508 pedum
1278 3435 1364 3509 pulsu

272 3519 451 3589 festinantes,
466 3535 617 3593 comasque
637 3529 783 3591 quassant,
804 3529 942 3594 tanquam
957 3516 1198 3593 Baccharthyrsis
1224 3515 1360 3588 ludentes.

272 3597 362 3658 Praeit
376 3606 467 3659 autem
484 3595 568 3671 Ledae
584 3599 641 3671 filia
656 3607 745 3676 cpsta,
756 3603 814 3672 dpx
828 3601 909 3658 chori
924 3598 1053 3672 pulchrp.
1077 3597 1131 3655 Sed
1143 3615 1197 3673 age
1209 3613 1294 3672 mauu
1307 3595 1361 3673 fln-

272 3697 325 3738 xes
340 3681 459 3754 capillos
472 3679 587 3773 implica
601 3682 690 3754 vitta,
708 3688 736 3744 et
750 3683 870 3760 pedibps
880 3681 963 3752 salta,
970 3680 1049 3754 ,salta
1061 3684 1094 3754 nt
1107 3695 1190 3736 serra
1202 3695 1210 3732 t
1222 3675 1361 3754 ,planam

271 3763 353 3818 simul
365 3757 411 3818 lac
424 3760 536 3817 choreis
552 3763 663 3838 utilem,
686 3771 716 3820 et
730 3763 859 3823 dirarum
873 3758 1056 3820 fortissimam
1071 3748 1261 3817 Chalcioecam
1284 3756 1362 3832 cele·

271 3843 335 3920 bra,
348 3840 536 3924 bellatricem.
1013 3835 1020 3844 ’
