2875 4984
259 360 319 417 ιιι
518 336 521 343 ’
598 351 1007 416 nnisnonnnnrs

303 510 405 573 DEM.
424 510 494 573 Non
506 530 573 571 sane
585 512 691 573 hercle.

307 592 351 652 lS.
372 592 487 671 Ergone
500 594 649 670 cognoscis¹
660 611 725 651 eum
738 593 826 666 qualis
840 592 878 652 sit
889 590 1000 652 homo?
1021 595 1054 652 et
1064 611 1118 669 ego
1132 589 1186 651 tibi
1198 587 1365 665 bcccepu

269 676 426 735 calceorum
440 676 493 733 emi
506 680 536 732 et
548 677 587 733 do
599 675 774 751 gestandum.

309 754 409 814 DEM.
431 754 537 815 Judico
560 763 588 815 te
610 757 748 829 omnium,
761 755 840 829 qnod
861 755 958 829 sciam,
975 752 1084 828 optime
1102 754 1138 812 de
1160 755 1276 829 populo
1302 770 1368 809 me
1417 738 1420 777 ¹

269 836 357 895 ritum
370 855 439 913 esse,
454 843 484 895 et
495 837 787 897 benevolentissimum
800 844 830 894 ts
842 853 903 893 esse
922 834 1085 909 reipublicae
1098 841 1186 908 atque
1198 834 1297 910 digitis
1312 850 1369 906 pe-
1412 830 1420 925 j

268 918 348 978 dum.
664 930 666 933 ·
1418 926 1420 985 ξ

312 996 428 1057 CLEO.
449 998 558 1057 Annon
572 1016 640 1073 ergo
663 998 795 1055 acerbum
807 1000 851 1055 est
864 996 972 1055 calceos
985 997 1099 1069 qnidem
1117 997 1194 1070 apud
1206 1000 1238 1055 te
1250 998 1369 1053 tautum
1418 986 1420 1057 Ξ

271 1080 375 1151 radere,
389 1097 519 1137 meorum
544 1086 639 1137 antem
662 1096 730 1153 erga
749 1086 778 1137 te
791 1078 956 1137 meritorum
977 1077 1225 1155 nundinatori
1243 1092 1368 1148 compe·
1417 1066 1420 1127 1

271 1160 333 1219 scui
348 1161 482 1234 cinaedos,
495 1161 589 1218 deleto
602 1156 736 1236 Grytto?
1418 1158 1420 1161 ⁴

314 1239 361 1301 is.
379 1240 487 1299 Annon
501 1260 569 1316 ergo
583 1243 714 1298 acerbum
737 1245 791 1313 est,
806 1243 835 1295 te
859 1239 939 1298 culos
951 1236 1062 1312 quidem
1084 1238 1258 1314 inspectare,
1271 1241 1303 1296 et
1324 1236 1368 1293 ci·
1416 1216 1420 1259 ⁴

272 1321 370 1380 naedos
385 1319 587 1397 compescere?
610 1318 737 1394 quamvis
761 1319 878 1378 omnino
891 1338 927 1377 ex
947 1320 1053 1378 invidia
1066 1318 1277 1394 compescueris
1301 1335 1367 1391 eos,
1418 1318 1420 1341 ³

198 1450 202 1459 ,
274 1408 305 1459 ut
326 1404 399 1467 nulii
422 1403 451 1459 in
473 1408 619 1477 posterum
631 1405 762 1458 oratores
784 1401 915 1458 existam.
957 1396 1045 1457 Hunc
1067 1404 1162 1458 autem
1183 1399 1259 1459 istac
1277 1405 1368 1457 aetate

272 1480 392 1541 Demum
406 1502 491 1557 quum
504 1483 597 1542 rideas
622 1499 717 1539 carere
740 1481 849 1553 tunica,
863 1498 1004 1554 nunquam
1024 1480 1146 1539 hiberno
1168 1486 1305 1555 tenpore
1320 1479 1366 1536 di-
1417 1510 1420 1547 ι

272 1554 417 1638 gnatus'es
430 1582 494 1621 eum
507 1569 584 1625 reate
597 1564 732 1634 utrinque
743 1563 885 1619 manicata
896 1578 906 1620 r
921 1568 953 1618 at
964 1580 1017 1635 ego
1032 1562 1084 1619 tibi
1096 1562 1179 1619 istam
1190 1562 1241 1619 do.
1418 1550 1420 1621 1

183 1678 190 1689 ·
313 1642 414 1703 DEM.
434 1642 505 1703 Tele
526 1646 595 1719 quid
616 1642 820 1701 Themistocles
841 1660 987 1714 nunquam
1007 1642 1203 1718 excogitarit3
1233 1640 1365 1716 quamvis
1418 1624 1420 1659 ¹

274 1726 364 1783 solers
376 1730 405 1782 et
417 1726 466 1782 illa
485 1725 523 1782 sit
536 1723 647 1801 Pyraeei
661 1725 792 1794 munitio,
806 1742 865 1781 uon
880 1721 972 1797 majus
992 1723 1063 1780 illud
1075 1723 1187 1782 ridetur
1199 1722 1364 1798 inventurn,
1418 1662 1420 1799 Ι

276 1822 361 1877 qnam
375 1805 464 1863 hocce
477 1806 588 1863 tunicae.
1416 1822 1420 1869 ι

313 1882 429 1943 CLEO.
452 1882 505 1944 Vae
517 1886 620 1943 misero
634 1883 722 1944 mibi!
742 1883 871 1956 qualibus
883 1884 928 1940 me
939 1884 1151 1943 adulationibus
1161 1882 1308 1960 exagitas!

317 1965 363 2024 is.
384 1965 525 2025 Minime:
549 1968 597 2025 sed
605 1966 633 2023 id
646 1966 736 2040 facio,
752 1965 831 2037 qnod
845 1966 907 2039 poti
929 1964 1034 2039 solent,
1050 1983 1138 2039 quum
1160 1964 1360 2024 cacatnrinntt

273 2064 339 2105 nam
355 2055 387 2105 ut
399 2048 441 2105 illi
454 2048 537 2106 soleis
550 2048 659 2121 alienis,
672 2047 713 2104 ita
725 2065 779 2121 ego
793 2045 846 2101 tuis
858 2052 924 2103 ntor
936 2046 1071 2104 moribus.

317 2126 434 2188 cLu0.
456 2128 510 2189 Sed
524 2148 582 2187 non
595 2127 741 2202 superabis
755 2144 798 2183 me
811 2126 1035 2200 palpationibus.
1076 2124 1154 2185 Nam
1164 2144 1218 2202 ego
1229 2125 1363 2201 superin-

278 2210 359 2267 duam
373 2209 400 2265 ei
415 2209 487 2267 banc
500 2215 625 2280 restem3
648 2216 679 2265 tu
693 2226 763 2265 vero
776 2207 871 2279 plora,
885 2207 1025 2278 improbe.

317 2288 418 2347 DEM.
440 2287 533 2347 Phni!
555 2304 652 2347 nonne
667 2288 697 2345 in
721 2288 871 2346 maximam
894 2288 1123 2346 maiamerncem
1145 2287 1211 2363 ibis,
1225 2286 1277 2361 qui
1299 2303 1361 2360 pes·
1404 2302 1411 2318 ’

276 2371 344 2429 simo
357 2369 467 2428 corium
481 2367 557 2427 oles?

318 2448 364 2507 IS.
385 2450 427 2506 Et
439 2450 473 2507 de
487 2447 625 2505 industria
637 2444 689 2504 tibi
703 2446 784 2505 istam
798 2448 1000 2519 subinducto,
1014 2452 1048 2505 ut
1060 2452 1089 2505 te
1100 2447 1262 2507 suffocaret.
1299 2447 1361 2505 An.

277 2535 324 2587 tea
336 2527 421 2587 etiam
436 2530 487 2587 tibi
501 2528 647 2587 insidiatus
660 2531 722 2586 est:
744 2529 924 2587 meministin’
946 2546 1033 2602 quum
1047 2529 1138 2587 mulia
1160 2528 1289 2604 laserpiti
1312 2528 1361 2586 rili

276 2612 370 2685 pretio
384 2608 514 2669 veniret?

317 2689 418 2749 Dum.
441 2690 581 2765 Equidem
595 2689 717 2749 memini.

317 2768 362 2829 ls.
385 2771 460 2829 Data
474 2789 563 2846 opera
575 2770 629 2828 iste
642 2768 738 2828 effecit
751 2774 784 2827 ut
797 2768 845 2827 vili
858 2770 979 2845 reniret,
991 2776 1024 2828 nt
1037 2776 1161 2831 ementes
1171 2770 1360 2847 ederetis„de-

277 2851 344 2910 inde
357 2853 385 2909 in
402 2851 508 2909 Heliaea
518 2851 629 2927 judices
642 2850 770 2908 risiendo
782 2868 842 2907 sese
855 2852 975 2909 invicem
987 2859 1149 2911 enecarent.

317 2930 418 2989 DEM.
440 2930 488 2989 lta
501 2950 545 2989 me
556 2930 714 3006 Neptunus
727 2938 814 3003 amet,
828 2932 902 2991 idem
912 2932 981 2989 nini
992 2933 1178 2996 stercorarius
1191 2933 1306 3007 quidam
1318 2932 1360 2989 di·

277 3013 331 3071 xit.
489 3058 492 3065 ,
1236 3030 1241 3036 ·
1417 3063 1419 3068 .

317 3092 363 3152 IS.
386 3092 492 3150 Annon
506 3097 647 3151 iunctam
661 3092 764 3150 crebro
775 3090 906 3151 visientee
919 3093 1027 3167 pudore
1040 3090 1302 3155 suffundebamini?
1417 3113 1418 3162 ι

316 3170 416 3231 DEM.
437 3172 510 3229 Sane
523 3174 617 3229 bercie
630 3172 686 3229 tuit
698 3172 754 3231 boc
768 3172 945 3250 Pyrrbandri
957 3181 1158 3236 commentum.
1417 3171 1418 3174 ’

318 3251 434 3311 CLEO.
455 3250 608 3325 Qualibus,
623 3251 641 3310 ὂ
656 3253 800 3327 improbe,
814 3255 1013 3313 scurramentis
1024 3273 1070 3313 me
1083 3258 1183 3316 turbas
1194 3256 1216 3315 t.

317 3329 363 3392 IS.
387 3332 448 3391 Dea
461 3334 535 3390 enim
549 3348 593 3390 me
602 3333 684 3407 jussit
698 3336 812 3393 vincere
825 3343 855 3392 te
865 3334 1015 3409 jactantie.

318 3410 432 3481 cudo.
455 3414 568 3471 Atnon
591 3415 684 3472 vinces
698 3434 752 3473 me.
794 3412 857 3490 Ego
880 3416 954 3473 enim
967 3417 1014 3474 aio
1036 3434 1081 3473 me
1101 3415 1156 3474 tibi
1177 3416 1356 3495 daemone

278 3494 377 3569 Deme,
392 3494 462 3551 nibil
474 3495 569 3571 agenti
582 3497 699 3555 sorbere
711 3496 835 3554 catinum
849 3495 985 3555 mercedis
996 3496 1168 3571 judiciariae.
1417 3551 1418 3556 ,

318 3572 363 3633 IS.
385 3574 448 3651 Ego
462 3594 531 3635 vero
545 3574 597 3631 tibi
612 3576 747 3653 pyxidem
760 3582 789 3635 ct
802 3576 1032 3636 medicamentum
1048 3578 1099 3653 do,
1115 3588 1148 3636 ut
1166 3577 1301 3637 tibiarum
1314 3581 1355 3638 nl·
1417 3577 1418 3646 ζ

277 3674 342 3718 cera
352 3656 404 3712 tibi
419 3656 631 3730 circumungas..

317 3733 436 3793 ano.
458 3734 520 3811 Ego
535 3753 602 3793 rero
618 3754 702 3793 canos
717 3740 783 3793 tuos
795 3737 902 3813 legens,
916 3736 1048 3810 juvenem
1063 3742 1092 3794 to
1105 3737 1218 3795 faciam.

315 3815 360 3874 IS.
383 3816 469 3881 Hem,
482 3817 580 3890 accipe
594 3818 709 3875 candem
723 3818 892 3891 leporinam,
907 3823 939 3874 nt
952 3817 1005 3877 tibi
1013 3820 1119 3877 ocellos
1130 3816 1353 3895 circumtergeas.

315 3892 431 3955 CLEO.
453 3894 546 3967 Quum
561 3906 589 3955 te
601 3898 772 3974 emunxerit,
788 3896 806 3955 ὃ
821 3896 923 3974 Deme,
936 3897 966 3955 in
981 3904 1070 3975 ceput
1082 3916 1175 3957 meum
1188 3898 1290 3975 digitos
1305 3903 1354 3959 ab-

274 3981 376 4049 sterge.

316 4055 361 4115 IS.
384 4052 476 4115 Immo
489 4055 519 4112 in
532 4075 635 4131 meum,
647 4057 734 4116 immo
748 4057 778 4114 in
790 4076 891 4116 meum.

314 4132 431 4221 QLEO.
452 4134 538 4196 Faxo
551 4156 616 4217 ego,
632 4146 666 4200 ut
677 4140 820 4199 triremem
841 4140 965 4201 instruar
979 4142 1030 4199 tua
1043 4139 1184 4214 impensa,
1197 4137 1239 4198 ito
1252 4140 1284 4200 nt
1303 4159 1352 4201 na·
