2875 4984
299 374 361 431 28⁴
639 369 1046 437 attrsrornartls

301 531 378 603 ipsus
389 537 445 601 est,
457 548 539 604 quem
553 532 717 603 quaerimus.
757 533 810 593 Sed
824 536 882 593 buc
893 553 990 594 omnes
1003 533 1172 595 concedite:
1191 550 1274 608 nant,
1287 536 1320 591 ut
1337 533 1369 591 ri·

300 614 398 681 detur,
412 612 465 669 iste
478 614 565 669 homo
578 615 786 673 sacrificaturus
800 618 907 691 prodit.

343 690 423 749 Dic.
445 692 507 751 Ore
518 694 622 769 terete,
642 714 693 754 ure
706 698 809 755 lavate.
851 695 982 755 Procede
993 698 1084 770 paulo
1105 698 1233 767 ulterim,
1246 701 1278 753 tu
1296 696 1371 763 cano

303 774 424 831 trifera:
445 782 569 832 erectum
581 784 675 833 antem
690 778 813 850 pbnllum
825 784 935 835 statuat
948 777 1084 836 Xanthia.

344 851 418 911 ΗΧ.
439 852 562 929 Depone
575 858 739 931 canistrum,
754 860 774 916 ὃ
788 859 858 929 filia,
872 868 907 915 ut
918 875 1000 915 sacra
1010 859 1199 932 auspicemur.

344 932 370 991 F
373 932 426 994 lb.
449 936 557 1010 Mater,
571 938 628 1009 huc
639 937 708 997 mihi
723 940 979 1014 porrigendum,
992 938 1302 1013 utpulteperiundnru
1320 937 1371 1010 pla·
1387 955 1388 958 ¹

304 1024 416 1073 centnm
431 1018 545 1074 hancce.

336 1095 427 1155 ·D1C.
451 1098 511 1157 lsm
523 1097 635 1169 quidem
650 1100 811 1174 apparastis
831 1102 916 1156 bene.
956 1098 985 1157 0
1007 1117 1109 1174 magne
1131 1096 1273 1175 Dionyse,
1286 1098 1370 1168 adum

306 1184 340 1234 ut
353 1180 403 1250 qui
416 1187 500 1253 grato
513 1180 609 1235 auimo
621 1180 695 1237 hauc
711 1198 844 1255 pompam
857 1182 909 1237 tibi
930 1180 1010 1251 duri,
1023 1190 1054 1237 at
1064 1179 1218 1243 sacrificari
1227 1197 1295 1237 curu
1305 1179 1370 1234 lami·

305 1260 432 1329 lienibus,
448 1276 585 1333 prospere
596 1262 699 1334 agitem
713 1262 852 1337 Dionysia
864 1264 985 1337 ruralia,
1000 1262 1101 1325 militia
1118 1260 1285 1333 defunctus,
1298 1267 1371 1331 utque

305 1339 374 1397 mihi
388 1342 460 1397 bene
472 1341 573 1411 cedant
587 1341 707 1397 indueiae
721 1344 902 1401 tricennales.

349 1418 416 1479 Ux.
438 1420 514 1494 Age,
528 1419 596 1492 iilia,
609 1422 647 1477 da
659 1441 786 1497 operam,
801 1432 832 1480 ut
845 1424 997 1481 canistrum
1011 1423 1086 1481 bella
1098 1421 1173 1479 belle
1185 1428 1294 1495 porta,
1304 1418 1370 1477 rultu
1389 1457 1390 1482 ι

306 1510 433 1574 austero,
448 1502 665 1578 thymbramque
678 1512 771 1561 tuens.
812 1505 841 1561 0
854 1522 938 1576 quam
961 1507 1062 1561 heatus
1081 1505 1148 1572 erit,
1167 1503 1220 1574 qui
1242 1509 1273 1558 te
1293 1499 1371 1569 inibit,

305 1582 447 1655 facietque
461 1585 627 1656 utmnsteiae
641 1602 699 1641 non
712 1586 804 1642 minus
815 1587 963 1643 rideantur
974 1584 1069 1657 risire,
1080 1600 1163 1653 quarn
1184 1592 1231 1656 tu,
1244 1583 1297 1639 suh
1315 1581 1371 1636 lucis

306 1664 458 1721 exortum!
480 1661 666 1739 Progredurq
681 1675 710 1723 et
722 1666 753 1723 iu
767 1667 852 1729 turba
861 1667 960 1729 sedulo
981 1684 1058 1736 carc,
1070 1682 1108 1725 ne
1127 1664 1191 1737 quis
1212 1664 1288 1723 elatu
1308 1669 1370 1718 trun

306 1744 425 1801 arrodat
436 1762 546 1799 aurum.

348 1820 429 1879 DlC.
453 1821 527 1895 Vos,
550 1821 570 1879 ὀ
595 1822 735 1895 Xanthia,
757 1832 883 1885 ereetum
906 1831 1025 1899 oportet
1049 1830 1146 1887 tenere
1169 1823 1293 1896 phallnm
1311 1836 1392 1918 poue¹

308 1904 534 1963 canistrileram:
555 1923 609 1980 ego
621 1924 691 1963 reru
709 1908 882 1982 subsequens
905 1906 1063 1965 Phallicum
1084 1906 1230 1966 accinatur
1253 1912 1287 1961 tu
1305 1918 1369 1972 vere,
1391 1923 1392 1980 l

308 1986 419 2055 mulier,
432 1994 531 2059 specta
544 2005 588 2044 me
601 1987 637 2044 de
649 1993 738 2045 tecto.
758 1987 896 2046 Procede.
918 1987 1026 2055 l’halle,
1039 1986 1145 2045 Bacchi
1164 1985 1267 2055 antiee,
1289 1982 1371 2041 cond·
1391 1987 1392 2034 i

308 2068 448 2123 sationum
471 2066 558 2141 socie,
573 2068 735 2143 noctivaga,
747 2070 871 2139 adulter,
885 2087 1038 2143 puerorum
1058 2074 1181 2137 mator,
1193 2072 1277 2123 sextu
1290 2072 1318 2120 te
1333 2062 1371 2117 de.

307 2164 382 2209 mutu
395 2148 537 2220 adloquor
549 2168 638 2222 anuo,
651 2150 681 2219 iq
694 2168 798 2224 pagum
811 2167 903 2207 meum
916 2167 1045 2207 rararsus
1063 2148 1175 2205 lubenti
1187 2146 1295 2215 auimo,
1307 2148 1371 2217 posi·
1392 2179 1393 2210 2

309 2246 394 2299 quam
408 2229 533 2287 inducias
548 2230 673 2296 mihimet
686 2238 872 2303 pectuscum,
885 2230 1018 2287 aerurunis
1030 2235 1061 2286 et
1074 2230 1179 2303 preliis
1189 2233 1219 2285 et
1244 2222 1371 2283 lameth
1392 2213 1393 2280 l

308 2308 471 2366 defunctus.
488 2309 586 2367 Multo
599 2309 672 2367 anim
689 2317 733 2368 est
741 2310 907 2384 jucundius,
921 2312 941 2369 d
955 2309 1065 2380 Pbaile,
1079 2307 1189 2380 Phalle,
1202 2307 1227 2363 ai
1241 2307 1300 2379 quis
1310 2307 1371 2362 iure·

309 2388 391 2444 niens
404 2391 577 2463 lignatricem
591 2396 750 2462 venustam,
764 2390 944 2467 Strymodori
956 2391 1096 2463 asculan,
1110 2390 1255 2451 iurantem
1266 2389 1370 2461 ligaret

310 2466 438 2540 Phelleo,
453 2471 598 2527 sublimem
611 2468 731 2527 mediam
743 2470 874 2543 arripiat,
893 2472 1028 2545 humique
1048 2476 1223 2544 prosternat,
1238 2473 1269 2525 et
1287 2465 1371 2524 ihidcu
1393 2485 1394 2510 ι

310 2550 463 2623 permqlat,
476 2549 495 2606 ὂ
509 2549 617 2622 Phalle,
635 2548 745 2610 Phalie.
774 2549 803 2614 st
826 2553 973 2611 uobiscum
995 2552 1147 2624 potaveris,
1167 2551 1302 2613 hesterno
1320 2546 1372 2603 rino

310 2631 416 2713 grauis,
430 2648 513 2703 mane
527 2634 603 2709 pacis
615 2634 737 2701 catinum
750 2632 900 2695 sorbebis:
922 2635 1040 2711 clypeus
1051 2638 1147 2693 autern
1167 2631 1200 2687 in
1220 2631 1299 2687 lumo
1318 2644 1371 2703 pet·

311 2711 399 2769 debit.
774 2753 779 2761 .

352 2788 474 2853 CllOR.
495 2792 555 2853 Iste
576 2794 639 2867 ipsa
660 2799 714 2865 est,
728 2793 792 2851 iste.
821 2792 902 2863 Jace,
912 2795 992 2871 jace,
1002 2793 1079 2869 jace,
1091 2791 1178 2868 jacea
1199 2796 1317 2865 percute
1332 2789 1371 2848 iu·

311 2888 414 2945 purum
428 2876 523 2931 isium.
545 2878 654 2933 Annon
666 2876 766 2949 jacies,
780 2875 900 2932 noune?

352 2951 434 3011 DlC.
456 2952 485 3011 0
497 2953 655 3015 Hercules!
677 2956 746 3029 quid
759 2956 815 3012 huc
827 2954 893 3012 esti
914 2957 1001 3018 ollnru
1012 2953 1081 3015 mihi
1095 2952 1291 3027 confringetis·

353 3031 476 3090 CllOll.
498 3034 575 3102 Quin
589 3044 617 3093 te
630 3037 772 3111 lapidibus
785 3038 944 3106 obrrmmus,
958 3036 976 3093 ὃ
991 3037 1132 3110 impurum
1147 3041 1246 3106 caput.

352 3110 432 3177 DIC.
454 3114 659 3191 Quamobrem,
675 3117 695 3175 ὂ
711 3119 832 3175 maxime
844 3119 968 3175 omnium
980 3116 1206 3179 Acharuenriunr
1218 3111 1318 3172 seueri

353 3190 477 3253 CHOR.
500 3194 577 3253 istuc
592 3197 696 3269 rogas?
718 3199 864 3270 impudens
877 3216 907 3255 es
919 3205 949 3255 et
961 3199 1124 3268 sceleratus,
1139 3195 1158 3252 d
1184 3197 1315 3268 proditer
1333 3207 1371 3265 pt·

312 3271 387 3345 trite,
402 3277 450 3346 qui
465 3293 551 3347 quum
565 3280 640 3351 sulus
652 3297 687 3349 ex
698 3279 781 3337 uobis
792 3279 917 3338 inducias
930 3277 1089 3357 pepegerim
1100 3285 1194 3345 ‘tmen
1205 3278 1292 3338 auden
1298 3271 1372 3346 adspi-

313 3369 376 3411 cere
389 3372 442 3411 me.

354 3433 435 3491 DlC.
458 3434 581 3517 Nescitis
596 3439 692 3512 utique
704 3441 888 3512 quamobrem
903 3439 1071 3514 pepigerint.
1113 3437 1217 3512 Itaque
1231 3436 1332 3496 audite.

354 3512 480 3587 CHQR.
503 3517 529 3581 Τ
529 3538 582 3577 eue
595 3527 627 3576 ut
638 3539 693 3595 ego
705 3522 818 3583 audiam
833 3520 844 3579 i
866 3522 983 3595 peribis.
1024 3519 1184 3579 Obrueruus
1198 3526 1227 3577 te
1239 3516 1370 3594 lapidibus.

313 3592 437 3733 bIlli).
459 3596 662 3676 Nequaquam,
687 3604 852 3675 priusquam
873 3602 1005 3661 audiatis.
1053 3600 1108 3659 Sed
1130 3600 1277 3675 reprimite
1287 3589 1371 3671 reqi

336 3694 393 3735 our.
1198 3700 1201 3704 ·

355 3754 478 3815 CllOR.
501 3756 572 3815 Non
585 3778 630 3819 me
642 3762 814 3836 reprimam3
836 3781 927 3837 neque
941 3768 972 3819 tu
991 3762 1052 3837 jam
1075 3763 1162 3820 rerba
1184 3755 1304 3820 sturia:
1322 3768 1371 3812 uim

316 3836 364 3892 odi
378 3846 405 3919 te
419 3837 526 3910 Clenna
538 3841 631 3919 adhuc
644 3842 739 3917 pejus,
753 3862 838 3925 quem
850 3864 904 3918 ego
916 3844 1071 3918 pliqqando
1081 3844 1227 3901 concidam
1243 3836 1372 3914 ssqqidbut

316 3918 345 3970 in
359 3920 457 3975 soleas.
501 3918 543 3977 tls
558 3928 586 3977 te
598 3928 692 3979 autem
705 3924 820 3998 longam
832 3917 991 3982 orationem
1005 3927 1065 3983 non
1078 3925 1214 3997 audirem,
1228 3924 1274 3998 qui
1286 3918 1372 3978 amitti

317 3996 407 4052 tactus
420 4017 448 4054 es
462 3996 644 4073 Lacombus3
667 4005 714 4061 sed
729 4022 828 4077 poenas
842 4006 918 4063 dete
932 4023 1048 4066 sumam.

358 4075 442 4172 9103
459 4076 488 4136 0
502 4083 580 4157 honi,
596 4079 726 4142 laconas
737 4088 836 4144 mbsoa
847 4086 945 4161 tacite,
958 4095 989 4144 et
999 4087 1093 4145 audite
1106 4104 1144 4145 au
1167 4089 1246 4144 recte
1266 4075 1372 4140 induciat

316 4174 482 4312 Pepelffir
502 4240 545 4299 Αι
557 4260 617 4319 quo
630 4246 716 4305 modo
729 4245 821 4322 possis
833 4247 863 4306 id
874 4253 951 4325 recte
962 4248 1072 4317 iactum
1083 4248 1188 4331 dicere,
1202 4247 1228 4308 si
1246 4241 1325 4306 modo
1337 4250 1370 4294 ιι-
