2875 4984
543 398 660 462 PAX.

96 555 210 615 EAM.
231 556 273 618 ΙΙ.
296 556 325 617 0
338 556 416 635 nere,
431 558 470 619 mi
482 557 606 634 domins,
619 565 652 617 ut
664 556 787 616 deliras!

96 637 236 697 TRYG.
257 640 323 710 Sile,
334 642 393 697 sile.

93 717 207 777 Fam.
232 718 276 779 11.
301 720 456 792 Quorsum,
472 738 578 796 quaeso,
594 721 717 779 sublimis
731 718 834 777 volitas
848 714 974 775 temere?

96 796 233 935 TiftYG.
254 800 425 859 Graecorum
435 804 561 859 omnium
570 818 655 860 musa
667 803 768 876 volito,
779 800 875 858 audax
882 798 999 877 molitus
1011 796 1148 859 insulem·

49 897 121 951 que
149 896 255 937 acinus.

98 959 130 1017 F
132 958 208 1015 ΑΜ.
229 958 273 1017 Π.
294 959 371 1028 Qnid
383 962 507 1021 solitas?
528 964 595 1035 quid
609 963 717 1019 trustra
728 959 855 1019 insanis?

97 1037 236 1097 TRYG.
259 1039 319 1098 Ore
330 1043 426 1101 favere
438 1046 528 1115 dccet,
543 1051 573 1100 et
585 1044 654 1101 nihil
669 1044 736 1100 mali
749 1041 867 1101 omniun
879 1039 992 1111 mutire,
1004 1043 1054 1099 scd
1074 1044 1151 1101 bona

48 1122 157 1177 verba
169 1123 282 1178 dicere:
305 1122 518 1195 hominibusque
531 1125 577 1181 dic
591 1132 623 1180 ut
636 1124 749 1197 sileant,
764 1131 851 1195 atquc
867 1129 900 1178 ut
911 1122 1005 1180 fimeta
1027 1131 1057 1181 ct
1073 1126 1150 1183 cloa-

49 1220 110 1258 cas
127 1203 212 1258 noris
224 1202 359 1259 lateribus
376 1206 544 1278 instaurent,
559 1206 729 1278 podicesque
742 1204 884 1261 claudant.

102 1279 211 1339 FAM.
234 1280 275 1339 11.
298 1281 392 1340 Nullo
405 1292 491 1357 pacto
504 1306 521 1343 a
532 1304 577 1342 me
590 1286 754 1359 impetrabis
767 1292 799 1341 ut
810 1285 916 1359 sileam,
930 1281 983 1341 uisi
993 1283 1061 1342 mihi
1072 1286 1151 1344 diuc-

52 1364 534 1517 rmfi'pprpzquvuzlpsrlpnppffigsad
547 1444 648 1505 Jovem
663 1448 692 1503 in
707 1448 806 1503 coeium
819 1443 831 1500 i

105 1522 212 1581 Fam.
235 1521 276 1581 11.
298 1520 365 1591 Qua
376 1524 492 1582 mente?

107 1602 242 1661 TRYG.
267 1603 499 1681 Interrogaturus
520 1624 582 1664 cum
619 1608 688 1679 qnid
712 1606 750 1663 dc
770 1598 882 1664 Graecis
902 1604 1040 1662 universis
1061 1603 1155 1664 iacere

57 1685 259 1745 constitutum
273 1684 385 1743 habeat.

107 1764 210 1824 FAM.
233 1764 276 1823 li.
297 1766 324 1821 Si
339 1767 476 1825 autemid
490 1768 542 1825 tibi
557 1784 614 1826 non
628 1764 806 1829 declararit?

108 1843 243 1905 TRYG.
264 1844 389 1917 Scribam
403 1851 428 1905 ei
441 1849 542 1922 dicam,
556 1857 590 1904 ut
604 1848 651 1920 qui
666 1849 773 1921 prodat
783 1844 926 1904 Graeciam
941 1844 1042 1905 Persis.

110 1926 140 1985 F
143 1926 218 1985 ΑΜ.
241 1924 284 1983 ll.
307 1925 528 2001 Nunquamne
540 1947 585 1986 me
599 1928 727 1987 Bacchus
740 1934 825 2001 amet,
839 1928 952 1984 hocine
963 1930 1029 1984 rivc
1039 1926 1136 1984 facies.
1213 1986 1218 1997 .

108 2004 240 2067 TRYG.
262 2005 340 2064 Fieri
352 2008 434 2065 aliter
447 2010 556 2082 nequit.
1201 2007 1203 2013 ⁸

112 2087 215 2151 FAM.
238 2085 282 2146 11.
305 2087 349 2154 lu,
363 2090 403 2158 in,
418 2088 467 2147 iu!
486 2088 514 2147 0
528 2088 642 2163 pueuae,
656 2088 821 2147 deseritros
833 2088 907 2145 enlm
917 2086 1047 2163 patenis
1058 2088 1159 2145 coeium

65 2170 259 2250 proficiscens
273 2169 443 2227 clanculum.
484 2169 540 2228 seu
554 2176 635 2226 orate
649 2176 772 2245 patrem,
788 2170 938 2227 timiserae.

114 2248 235 2311 PUEL.
257 2247 286 2306 Ο
298 2256 390 2323 pater,
407 2250 425 2306 d
441 2255 534 2325 pater,
550 2265 737 2325 ergonerers
750 2252 857 2308 aedibus
870 2252 975 2307 nostris
986 2250 1062 2306 tama
1071 2252 1159 2320 venit,

66 2344 105 2393 tc
123 2330 313 2403 omatibus,
329 2348 373 2387 me
386 2329 571 2403 deserentem,
587 2326 622 2385 ad
637 2348 739 2389 corsos
753 2332 859 2388 iturum
879 2330 1052 2390 evanidam?
1072 2332 1163 2389 Estne

66 2413 187 2489 aliquid
200 2414 301 2469 horum
317 2410 439 2468 resera?
463 2411 528 2483 Dic,
545 2412 563 2468 d
581 2418 671 2483 peter,
686 2414 708 2467 si
721 2430 767 2469 me
778 2430 863 2470 amas.
988 2444 992 2453 ·

115 2490 243 2551 TRYG.
266 2492 408 2549 Arbitreri
423 2494 500 2565 iicet,
514 2492 605 2552 dfiiiae
621 2509 629 2560 ;
650 2492 824 2550 illudentem
835 2498 881 2550 est
900 2491 1096 2568 cratisnum,
1110 2496 1165 2553 do.

69 2580 141 2634 lora
156 2592 201 2630 me
213 2572 315 2647 premi,
330 2574 444 2645 qnando
457 2590 508 2629 vos
530 2588 630 2645 panem
656 2573 762 2643 petitis,
773 2590 904 2647 pappam
928 2590 974 2628 me
996 2577 1164 2647 vocitantes,

69 2656 158 2715 domi
170 2662 262 2711 autem
278 2671 312 2710 ne
325 2659 408 2728 gutta
420 2652 532 2723 quidem
546 2652 655 2724 argenti
668 2657 712 2706 est
728 2652 855 2707 omniuo.
898 2649 927 2707 Si
941 2657 1035 2714 autem
1051 2672 1081 2709 rc
1093 2658 1166 2712 bens

69 2742 159 2814 gesta
172 2736 293 2807 rediero,
309 2733 446 2789 habebitis
459 2739 570 2789 mature
583 2746 693 2803 semper
706 2732 846 2808 coliyram
860 2748 1001 2805 maguam,
1015 2740 1044 2789 et
1058 2751 1118 2792 cum
1132 2754 1167 2808 aa

70 2832 203 2895 pugnum
217 2815 319 2872 obsoni
333 2815 409 2871 ioco.
644 2808 646 2813 ’

120 2892 237 2953 PUEL.
259 2895 359 2966 Ecqua
373 2894 424 2951 tihi
437 2892 492 2950 erit
510 2893 619 2951 itineris
641 2892 808 2951 conficiendi
825 2892 919 2951 ratio?
941 2892 1021 2950 uaris
1043 2895 1117 2951 euim
1138 2899 1168 2953 te

72 2996 139 3037 non
152 2977 235 3033 vehet
248 2976 319 3037 riam
333 2976 416 3032 hanc.

122 3054 253 3113 TRYG.
275 3058 379 3113 Alatus
391 3054 474 3111 vehet
489 3072 534 3111 me
547 3054 663 3126 pullus:
688 3052 764 3109 haud
777 3052 928 3127 navigabo.
1180 3093 1182 3098 s

121 3134 243 3195 PUEL.
264 3134 337 3203 Qum
351 3152 509 3197 venemens
523 3140 573 3190 tua
587 3142 640 3207 est,
655 3134 704 3207 qui
718 3135 865 3190 scarabaeo
874 3134 980 3207 juncto
1003 3134 1114 3192 veharis
1134 3134 1171 3196 ad

77 3221 164 3290 deos,
182 3217 200 3275 ὂ
216 3216 321 3290 pater?

126 3295 256 3357 TRYG.
278 3296 315 3354 Iu
329 3294 431 3369 AEsopi
445 3293 550 3353 sabulis
563 3293 716 3369 iuvenitur,
731 3302 764 3351 nt
775 3294 854 3354 scius
867 3295 916 3353 ille
940 3296 1066 3352 omnium
1089 3297 1174 3365 solu.

80 3396 167 3440 crum
181 3380 215 3435 ud
230 3378 298 3435 deos
312 3377 482 3451 peruenerit.

126 3456 245 3517 PUEL.
269 3456 468 3517 Incredibilem
481 3472 619 3515 memoras
633 3455 771 3531 fabulam,
787 3454 806 3511 d
820 3458 913 3529 pater,
928 3461 1021 3529 pater,
1036 3460 1070 3511 ut
1092 3455 1173 3512 olens

84 3538 180 3600 hestia
192 3541 228 3595 ad
242 3538 310 3609 dens
323 3540 442 3597 venerit.
968 3554 971 3559 ·

127 3616 256 3677 TRYG.
280 3617 370 3675 Venit
383 3624 503 3692 propter
515 3616 674 3675 iuimicitias
687 3634 754 3691 quas
769 3615 837 3673 olim
852 3632 915 3671 cum
929 3616 1024 3687 aquila
1046 3614 1173 3691 gerebat,
1215 3669 1221 3678 ,

85 3707 122 3760 ut
135 3700 161 3774 ej
167 3718 198 3757 ns
212 3699 311 3756 ovain
325 3716 453 3773 praeceps
466 3699 640 3771 devolveret,
655 3696 752 3771 sieque
764 3715 826 3753 eam
840 3696 1034 3753 ulcisceretur.

128 3778 247 3838 PUEL.
269 3777 379 3848 Quidni
393 3796 461 3855 ergo
475 3779 608 3853 aligerum
619 3778 758 3854 jungebas
773 3776 923 3854 Pegasum,
935 3781 970 3834 ut
980 3777 1032 3837 diis
1042 3774 1176 3834 videreris

87 3880 136 3922 ma
157 3863 181 3919 is
195 3866 222 3916 tr
259 3862 329 3919 icus.

132 3878 259 4000 {iffi}
280 3944 334 4015 At,
349 3937 368 3997 ὂ
383 3936 502 4011 misella,
516 3937 625 4011 duplici
638 3944 795 3997 commeatu
805 3939 873 3995 mihi
887 3955 960 4011 opus
970 3936 1087 3995 suiseetr
1101 3955 1179 3996 nunc

89 4029 188 4083 autem
203 4038 276 4095 quos
290 4022 370 4095 ipsus
383 4020 537 4077 comedero
552 4020 643 4095 cibos,
656 4020 752 4077 iisdem
765 4019 841 4077 hunc
854 4020 940 4075 alam.

134 4098 251 4161 PUEL.
275 4100 350 4169 Quid
375 4103 398 4159 ri
420 4102 449 4158 in
471 4097 631 4173 profundus
654 4100 788 4161 ceciderit
809 4098 894 4158 maris
914 4099 1013 4177 undas,
1034 4099 1181 4174 quomodo

93 4200 238 4259 emergere
251 4183 369 4261 peterit,
386 4182 510 4255 uolucris
523 4198 611 4256 quum
624 4179 698 4241 siet?
