2875 4984
270 319 310 380 ro
633 310 1020 390 dorsumdurum

266 473 389 549 pollent,
398 471 477 544 quod
491 487 568 528 nune
582 471 649 544 ipris
663 473 773 530 acutius
785 471 869 528 eliam
879 477 933 529 est.
974 469 1057 530 Nihil
1067 471 1164 544 itaque
1182 469 1292 546 timete,
1306 471 1356 530 sed

267 553 363 613 omnia
377 552 548 626 percurrite,
564 551 767 624 spectatorum}
780 558 881 623 utpote
894 550 1066 626 sapientum,
1078 549 1182 626 gratia.

275 678 279 684 .
306 629 403 691 ΕΗΒ.
426 630 516 706 Igitur
529 633 564 688 ad
575 633 652 704 ipsos
666 634 803 704 prologos
818 649 862 688 me
877 630 929 688 ribi
952 638 1127 696 convertam,
1141 636 1184 704 ut,
1199 631 1280 703 quod
1293 630 1355 704 pri.

216 707 219 718 ’
265 717 399 772 mumert
411 713 449 770 irr
455 711 601 785 durgundia,
618 710 712 784 primo
726 711 882 768 examinem
894 712 958 768 scili
971 712 1046 768 illius
1059 710 1176 785 poetar
1199 716 1262 768 erat
1278 709 1359 768 enim

234 817 237 823 ’
266 793 402 852 obscurus
416 793 445 848 in
459 792 542 850 rebus
555 791 744 868 enuntiandis.

306 871 454 934 BACCH.
477 870 515 934 Er
528 888 676 944 quemnam
690 871 766 928 illiue
778 871 935 946 prologum
948 865 1142 927 examinabis?

304 949 402 1010 ΕΗΒ.
415 950 538 1014 ,Μυίῐοε
551 951 711 1008 admodum.
753 949 880 1008 Primum
896 951 985 1007 recila
1003 950 1161 1012 mihijllum
1174 965 1210 1006 ex
1223 944 1352 1007 Orestes.

303 1028 452 1090 Buccfl.
476 1031 560 1089 Silete
570 1031 629 1105 jam
644 1047 752 1086 omnes.
795 1028 900 1086 Recita
912 1027 1059 1106 AEschylc.

305 1109 429 1170 AEscH.
451 1109 588 1168 Mercuri
613 1107 797 1183 Terrestris,
820 1111 872 1184 qui
889 1117 1020 1186 paterna
1045 1114 1191 1186 inspector
1213 1111 1351 1186 imperio,

267 1198 403 1250 servator·
417 1191 490 1248 milri
504 1194 544 1248 sir
560 1197 589 1246 et
604 1190 726 1264 orbator
739 1191 867 1264 roganti
873 1207 884 1248 .·
903 1193 989 1247 uenio
1010 1193 1089 1248 enon
1103 1193 1135 1248 in
1149 1189 1225 1246 lrune
1238 1195 1350 1248 terrem

265 1277 482 1340 ctreoertor-

305 1349 453 1410 BACCH.
477 1348 564 1408 Erine
578 1351 607 1408 iu
621 1349 681 1408 ielis
695 1349 838 1424 quidpiam
852 1350 928 1421 quod
943 1348 1162 1425 carpercrelis?
1211 1401 1215 1406 .
1254 1403 1263 1412 .

305 1430 402 1490 EUR.
425 1431 495 1490 Plus
508 1449 592 1502 quam
605 1431 764 1488 duodecim.
1252 1501 1257 1510 ο

301 1509 451 1570 ΒΑΟΟΗ.
473 1512 516 1568 At
525 1530 594 1568 vero
609 1511 703 1567 omnia
718 1510 773 1566 isla
785 1525 845 1564 nou
856 1513 922 1564 sunl
934 1511 1028 1581 plura,
1042 1527 1127 1581 quam
1139 1517 1196 1570 tres
1209 1529 1318 1572 versus.

303 1587 402 1652 EUR.
424 1591 477 1650 Sed
489 1590 681 1664 unusquisque
694 1607 792 1647 eorum
803 1589 889 1645 habet
902 1589 1002 1664 rigiuli
1016 1598 1143 1662 peccata.
1192 1623 1199 1640 .
1356 1583 1359 1590 ’

303 1669 453 1730 Bucen.
476 1669 623 1746 AEsehyle‚
637 1678 738 1728 auctor
751 1668 804 1725 tibi
819 1686 883 1724 sum
893 1675 927 1726 ut
939 1676 1052 1727 taceas:
1075 1669 1232 1748 sirmium,
1247 1677 1350 1748 praeler

265 1749 318 1808 lros
332 1758 390 1807 tres
403 1751 524 1821 iambos,
539 1757 605 1806 reus
617 1751 672 1806 eris
686 1750 816 1822 plurium.
997 1745 1001 1752 '
1017 1801 1022 1808 ,

245 1822 249 1837 ’
304 1827 429 1888 AEscfl.
451 1827 551 1904 Egone
565 1835 598 1886 ut
613 1847 709 1889 coram
724 1827 780 1884 lroc
793 1825 926 1884 taceam?

305 1908 453 1968 BACCH.
476 1909 504 1966 Si
519 1927 562 1965 me
573 1911 667 1966 audis.

304 1986 400 2048 ΕΗΒ.
423 1988 540 2064 Quippe
552 1989 637 2050 initio
661 1990 755 2048 statim
769 1987 900 2060 peccarit
912 1985 1034 2048 immane
1055 1994 1201 2066 quantum.
1245 1989 1348 2050 Viden*

262 2069 438 2144 utuugcrisi

304 2147 448 2209 BAOCH.
471 2149 523 2207 Nil
537 2168 618 2208 curo.

301 2227 429 2287 AESCH.
451 2229 604 2295 Quomodo
616 2229 685 2286 dicis
695 2246 740 2284 me
749 2223 902 2300 peccasse?
967 2293 970 2300 Ι

302 2306 400 2366 EUR.
422 2307 534 2380 Repete
548 2311 653 2366 denuo.
1243 2324 1264 2379 s
1418 2330 1419 2375 l

301 2386 429 2447 AESCH.
450 2385 587 2446 Mercuri
601 2386 780 2461 Terrestris,
794 2393 984 2468 quipotcrna
996 2395 1142 2469 inspector
1156 2393 1327 2466 imperia-r
1367 2452 1370 2458 .

302 2466 399 2524 EUR.
421 2469 530 2524 Annon
546 2465 660 2526 Orestes
669 2469 725 2525 hoc
737 2469 807 2527 dicit
816 2472 844 2526 iu
858 2473 968 2530 tumulo
982 2475 1071 2547 patris
1089 2467 1221 2528 mortui?

166 2543 172 2552 ’
273 2543 428 2616 ⁸IESCH.
448 2543 531 2604 Haud
545 2548 715 2606 elilerdico.
1311 2615 1315 2620 .

301 2624 399 2684 EUR.
421 2627 507 2685 Anne
515 2646 588 2703 ergo
603 2626 781 2694 Mercurium
794 2630 966 2703 iuspeclasse
977 2631 1058 2704 dicit,
1071 2636 1103 2686 ut
1116 2635 1196 2704 paler
1209 2629 1352 2706 interierit

261 2725 330 2768 uuus
344 2709 461 2780 pervim
475 2726 562 2765 mauu
575 2709 718 2782 muliebri,
735 2710 915 2768 clandestinis
926 2709 1022 2768 dolis?

130 2853 134 2860 .
299 2785 425 2846 AESCH.
447 2786 609 2846 Nouillum
624 2788 741 2860 iuquam
761 2787 914 2863 Dolosom‚
928 2791 977 2848 sed
1002 2787 1146 2861 Eriuuium
1168 2785 1349 2847 Mercurium

131 2871 136 2876 '
258 2869 372 2937 roravit
386 2865 583 2941 Terrestrem,
593 2868 674 2939 quod
685 2875 714 2926 et
726 2868 825 2926 addito
835 2864 990 2928 declaravit
1003 2873 1102 2940 verbo,
1115 2869 1178 2942 quia
1185 2876 1348 2945 paternum

259 2948 453 3006 istudmuuus
468 2947 589 3004 obtinet.
1126 2996 1130 3003 ,

298 3025 396 3084 EUR.
417 3024 515 3100 Majus
526 3027 629 3096 adhuc,
639 3044 723 3100 quam
732 3027 874 3100 volebam,
886 3034 1036 3100 peccatum
1045 3029 1217 3088 commisisti.
1232 3027 1346 3087 sienim

258 3106 337 3178 quod
352 3103 519 3166 Terrestris
533 3107 580 3178 rit,
590 3112 755 3182 paternum
769 3107 825 3166 hoc
838 3107 926 3166 habet
937 3129 1081 3166 mumur—

296 3182 447 3244 BACCH.
470 3183 534 3242 Hoc
546 3194 631 3259 pacto
644 3187 795 3245 essetiudc
807 3192 921 3260 epatre
934 3191 1105 3248 tumulorum
1118 3190 1266 3249 suffossor.

297 3262 421 3324 AEscll.
445 3263 568 3338 Bacche,
582 3285 641 3324 non
654 3267 740 3324 uteris
754 3268 823 3339 riuo
836 3269 990 3342 fragrante.

298 3342 449 3402 BACCH.
471 3343 574 3402 Recita
587 3348 612 3404 ei
624 3348 728 3404 alium:
752 3354 784 3404 tu
799 3365 868 3405 vero
881 3350 982 3408 vitium
996 3350 1126 3408 observa.

298 3423 423 3484 AEscH.
444 3421 591 3484 Servetur
605 3427 678 3482 milri
690 3429 730 3482 ris
748 3433 777 3484 el
792 3429 913 3502 urly'ator
926 3433 1070 3505 roganti:
1100 3431 1188 3488 venio
1211 3431 1291 3486 enim
1312 3431 1342 3486 r'rr

257 3511 370 3565 terrem
385 3505 461 3564 icoc
474 3511 504 3560 et
517 3513 695 3564 revereor-

296 3583 395 3642 ΕΗΒ.
418 3583 466 3642 Bis
480 3583 554 3643 idem
567 3586 650 3642 nobis
662 3583 737 3644 dixit
748 3586 860 3660 sopiens
874 3587 1042 3666 AEschylus.

295 3662 441 3722 BACCH.
464 3662 616 3730 Quomodo
631 3663 698 3723 bis?
946 3702 951 3704 -

276 3741 391 3808 ΕΗΒ.
415 3741 575 3801 Considera
588 3744 768 3806 orationem:
791 3767 846 3823 ego
860 3753 952 3808 autem
968 3749 1021 3806 tibi
1044 3748 1207 3806 declarabo.
1253 3750 1342 3811 Verrio

180 3831 183 3846 ⁴
257 3826 334 3891 enim
349 3828 381 3882 irc
396 3829 510 3882 terram
533 3824 620 3898 huuc,
634 3827 740 3904 iuquit,
755 3837 785 3886 et
799 3836 947 3904 revertor.
991 3824 1072 3886 Idem
1093 3835 1245 3889 estautem
1258 3836 1344 3892 verrio

255 3903 335 3974 quod
348 3910 497 3962 revertor:
556 3953 558 3960 ⁴

285 3979 443 4040 Bucen.
464 3982 511 4040 Ile
524 3983 631 4060 hercle,
650 3989 785 4061 tanquam
799 3986 824 4044 si
837 3989 901 4062 quis
914 3987 1010 4048 riciuo
1022 4005 1076 4046 suo
1094 3987 1189 4047 ucat:
1211 3983 1341 4063 Commo·
1376 4051 1380 4058 ,
1414 4000 1420 4018 ’

258 4060 298 4122 da
310 4061 385 4119 miii
397 4069 552 4138 murtrum,
569 4071 634 4139 aut,
647 4069 675 4125 ri
687 4070 743 4137 eis,
757 4069 916 4142 mogidcm.
951 4085 955 4094 ’

156 4219 163 4233 .
216 4161 236 4213 ῃ
294 4139 419 4213 AESCH.
441 4141 723 4224 Nouatiqueistud,
739 4145 1159 4226 dgarrulehommidemestr
1180 4150 1345 4212 cedrenus

252 4227 295 4282 ert
308 4223 435 4294 emnium
448 4223 585 4298 optimus.
635 4295 637 4300 Ι
728 4249 733 4252 ·
