2875 4984
275 350 336 405 218
615 333 1020 401 uulsTOPflANts

328 494 487 558 XANTH.
510 496 579 578 An!

329 581 405 643 808.
426 578 503 647 Quid
517 580 579 635 est?

329 658 487 721 XANTH.
508 656 624 733 Desine,
637 658 733 717 desine
744 676 754 729 ;
775 674 811 715 ne
831 674 925 715 narra.
966 650 1088 714 Pessime
1110 654 1169 711 olet
1191 650 1368 711 insomnium

290 744 366 802 istnd
379 750 513 816 putorem
527 738 606 795 c'orii.

330 821 408 883 SOS.
430 819 539 877 Deinde
553 820 666 892 impura
685 818 735 875 illa
747 818 856 875 balaena
879 813 1016 874 trutinant
1029 820 1137 883 tenens,
1151 813 1291 871 bubulum
1314 832 1371 887 ap-

291 904 433 982 pendebat
445 901 566 974 adipem.

334 979 490 1040 XANTH.
511 977 567 1036 Hei
579 977 648 1035 mibi
661 976 781 1057 misero!
802 978 941 1051 populum
954 980 1079 1033 nostrum
1096 975 1156 1031 rnlt
1176 974 1345 1032 distrahere.

334 1062 412 1123 808.
435 1058 595 1118 Videbatur
607 1064 702 1115 antem
718 1052 786 1114 milri
799 1056 931 1115 Theorns
951 1073 1043 1131 prope
1062 1054 1139 1113 humi
1159 1056 1267 1127 sedere,
1282 1072 1370 1112 cora.

263 1177 266 1182 <
297 1146 337 1201 cis
349 1145 455 1201 babens
468 1146 574 1214 capnt:
596 1143 656 1195 tum
671 1156 741 1195 sero
763 1138 928 1195 Alcibiades
941 1134 1009 1194 mihi
1020 1135 1095 1194 dixit
1107 1153 1159 1195 ore
1170 1132 1278 1193 balbo:
1302 1132 1371 1195 cet.

297 1222 407 1283 niam?
429 1216 555 1278 Theclae
569 1218 675 1276 cotecis
686 1218 774 1276 babet
784 1224 882 1295 caput.

258 1303 262 1310 ’
338 1298 496 1364 ΧΑΝΤΗ.
517 1300 604 1357 Recte
617 1298 644 1354 id
659 1298 770 1371 quidem
784 1298 946 1355 Alcibiades
959 1298 1103 1355 balbutiit.
1216 1331 1224 1337 „

336 1382 413 1442 808.
434 1383 543 1438 Annon
555 1378 677 1435 monstri
692 1378 748 1435 boc
760 1376 847 1435 simile
858 1385 912 1448 est,
925 1378 1055 1437 Theorus
1068 1380 1170 1435 corrds
1183 1376 1299 1435 iactus?

337 1458 496 1523 XANTH.
518 1458 659 1529 Minime3
680 1458 768 1516 immo
782 1460 920 1533 optimum
933 1467 985 1517 est.

338 1542 415 1605 SOS.
436 1538 614 1607 Quomodo?
1409 1582 1410 1593 2

327 1621 331 1651 ¹
342 1618 498 1683 anTR.
520 1614 636 1695 Rogas?
657 1618 743 1676 homo
757 1622 839 1676 erat:
862 1620 963 1677 deinde
974 1624 1090 1692 repente
1102 1616 1193 1675 lactus
1203 1626 1246 1674 est
1259 1633 1374 1676 corvus.

303 1705 414 1766 Nonne
426 1701 492 1758 hinc
506 1701 655 1759 manifesta
667 1697 832 1773 conjectura
844 1717 993 1775 augurare,
1007 1718 1070 1757 euru
1083 1698 1277 1757 subvolantem
1292 1716 1310 1755 a
1323 1718 1376 1755 noa

302 1788 346 1844 bis
358 1784 393 1840 ed
408 1797 510 1838 corros
522 1781 648 1837 iturum?

346 1861 425 1920 SOS.
446 1856 560 1935 Ergone
569 1861 679 1919 duobus
693 1858 786 1917 obolis
799 1876 857 1917 non
872 1858 1028 1923 conducam
1041 1863 1080 1935 te,
1096 1858 1147 1935 qni
1160 1864 1216 1917 tam
1226 1860 1377 1935 perspicue

304 1939 581 2097 coiiiilsiiiiimiie
593 2039 674 2094 sero,
688 2021 897 2092 spectatoribus
914 2024 1110 2094 argumentum
1128 2021 1222 2093 eloqui
1236 2022 1319 2093 volo,
1333 2020 1378 2075 nbi
1412 2043 1413 2107 ,

286 2101 788 2182 prinapancaba'ceosmounero.
831 2100 912 2159 Nihil
928 2118 946 2156 a
965 2101 1048 2158 nobis
1069 2108 1233 2175 exspectent
1245 2118 1378 2175 magnum
1412 2114 1413 2119 ¹

307 2188 401 2259 nimis,
416 2202 468 2241 nec
480 2182 564 2239 etiam
573 2183 657 2255 jocos
670 2179 795 2253 Megaris
804 2181 900 2237 furtim
910 2182 1094 2253 conquisitos.
1135 2181 1166 2239 N
1168 2183 1229 2239 obis
1239 2184 1316 2239 euim
1328 2198 1379 2237 nec

308 2273 387 2336 sunt,
405 2263 455 2335 qni
477 2277 563 2319 nuces
579 2280 615 2317 ex
635 2260 767 2335 sportula
784 2260 895 2333 jaciant
917 2261 1135 2334 spectatoribus,
1149 2264 1240 2321 servi:
1264 2280 1320 2319 nec
1341 2268 1379 2317 est
1413 2253 1414 2339 8

309 2344 445 2404 Hercules
458 2359 540 2401 coeua
553 2341 748 2411 defraudatus,
764 2359 817 2397 uec
830 2344 931 2399 iterum
944 2340 1094 2416 Euripides
1107 2344 1270 2416 petulanter
1282 2343 1380 2399 tradn-
1413 2340 1414 2345 ’

311 2427 405 2492 cibrr3
425 2439 518 2491 neque
530 2422 627 2493 etism,
641 2420 709 2493 qnia
722 2416 793 2477 Cleo
806 2421 930 2478 iortnnae
951 2422 1051 2480 lavore
1070 2422 1213 2494 iuclaruit,
1228 2430 1381 2497 propterea

309 2506 427 2562 eundem
438 2501 515 2557 illum
528 2501 669 2558 bominem
682 2516 779 2557 rursus
792 2508 875 2559 aceto
889 2500 1100 2575 pertendemus.
1127 2502 1182 2561 Sed
1192 2504 1329 2561 estnobis
1339 2522 1381 2561 ar·
1414 2461 1415 2553 i

310 2589 473 2660 gumentum
485 2600 544 2639 non
557 2582 696 2653 ineptum,
710 2581 788 2651 quod
803 2589 922 2639 nestram
940 2584 1051 2654 quidem
1074 2584 1239 2656 sapientiam
1264 2602 1326 2641 non
1340 2602 1381 2639 sn·

312 2671 407 2739 perat,
421 2663 469 2720 sed
482 2670 576 2721 mmen
590 2663 677 2737 mng'u
699 2667 743 2741 est
761 2662 862 2727 scitum
876 2669 905 2719 et
917 2665 1039 2738 elegans,
1050 2681 1136 2736 qnam
1158 2664 1263 2737 qnaeris
1277 2665 1381 2721 insulsa

313 2744 461 2803 comoedia.
502 2742 615 2815 Nempe
627 2744 710 2799 herus
731 2742 881 2816 estnobis,
897 2745 986 2814 quiin
1008 2744 1154 2817 superiore
1175 2745 1280 2801 aedinm
1304 2751 1382 2819 parte

312 2828 429 2900 dormit,
443 2841 561 2898 magnus
581 2823 671 2879 illein
693 2823 851 2880 coenacnlo.
892 2820 951 2881 Iste
973 2826 1054 2881 nobis
1079 2824 1239 2899 imperavit,
1252 2831 1285 2881 ut
1305 2842 1382 2881 snum

313 2916 424 2982 patrem
438 2905 626 2974 adserimus,
639 2919 723 2974 quem
737 2902 813 2959 intus
828 2903 979 2977 conclusit,
992 2923 1028 2963 ne
1042 2904 1121 2962 foras
1140 2910 1233 2961 exeat.
1274 2903 1383 2963 Morbo

313 2989 387 3044 enim
403 2992 484 3059 pater
498 2982 559 3056 ejus
573 2985 686 3042 laborat
701 2982 833 3055 mirabili,
849 3000 931 3055 quem
954 3002 1036 3041 nemo
1059 2976 1144 3043 facile
1157 2986 1280 3054 noverit,
1292 3003 1383 3058 neque

314 3063 483 3137 conjecerit,
497 3065 545 3135 qni
568 3064 615 3135 sit,
630 3064 682 3122 uisi
703 3079 740 3119 ex
760 3063 842 3121 nobis
866 3064 1004 3121 audiatiss
1031 3065 1054 3120 si
1077 3067 1168 3141 minus
1191 3066 1317 3139 creditis,
1336 3067 1385 3139 ipsi

313 3144 493 3217 conjecturas
506 3144 633 3200 facitote.
673 3142 812 3219 Amynias
825 3145 938 3216 quidem
957 3146 1009 3203 isto
1032 3142 1159 3221 Pronapi
1173 3144 1245 3203 filins
1259 3146 1312 3221 ait,
1332 3164 1385 3205 esse

313 3242 375 3282 enm
389 3231 544 3280 amatorem
556 3223 644 3279 alea:
667 3224 714 3280 sed
733 3224 801 3279 nibil
814 3224 893 3281 dicit.
1219 3252 1221 3257 ·

352 3300 431 3361 808.
454 3301 533 3359 Nihil
547 3302 663 3373 hercle3
685 3304 733 3361 sed
746 3306 782 3361 dc
792 3322 821 3361 se
835 3304 911 3361 huuc
925 3307 1056 3361 morbum
1072 3305 1225 3381 conjectat.

350 3380 511 3442 XANTH.
526 3380 696 3455 ,Haudsane
708 3390 793 3442 recte.
835 3380 887 3442 Est
909 3392 1001 3443 tamen
1024 3387 1150 3445 Amator
1170 3387 1283 3459 quidem
1305 3404 1387 3445 exor-

311 3466 386 3524 dium
410 3464 496 3537 bnjns
515 3462 593 3520 mali.
636 3463 696 3522 Iste
710 3472 791 3539 sero,
814 3464 906 3541 Sosia,
927 3468 964 3523 ad
985 3465 1212 3543 Dercylnmait,
1233 3473 1386 3539 amatorem

299 3563 378 3606 verim
392 3562 451 3605 esse
465 3542 719 3617 compotationnm.

356 3622 434 3684 808.
460 3623 642 3697 Nequaquam
656 3637 665 3696 3·
687 3626 712 3682 si
725 3626 837 3698 quidem
849 3626 902 3685 iste
914 3628 1030 3686 morbus
1044 3629 1127 3686 etiam
1139 3626 1263 3689 uirorum
1281 3634 1327 3686 est
1340 3630 1385 3686 bc·

313 3723 426 3764 norum.
772 3762 775 3769 ,,

357 3782 516 3842 ΧΑΝΤΗ.
538 3782 719 3842 Nicostratus
749 3792 843 3843 antem
865 3784 1064 3846 Scambonides'
1086 3788 1128 3847 ait
1148 3808 1213 3847 enm
1235 3794 1386 3861 amatorem

316 3884 376 3926 esse
388 3864 601 3937 sacrificiorum,
615 3871 665 3923 ant
678 3865 830 3939 hospitum.

360 3942 435 4001 bOS.
458 3941 512 4001 Per
536 3964 632 4002 canem
655 3945 738 4020 juro,
763 3945 940 4021 Nicostrate,
965 3964 1022 4005 non
1045 3954 1089 4007 est
1111 3955 1223 4007 amator
1235 3948 1386 4027 hospitum.

319 4023 395 4084 Num
408 4025 528 4082 ciuaedns
541 4034 584 4082 est
596 4024 779 4083 Philoxenus.

359 4100 477 4167 XANT
478 4090 517 4161 H.
539 4102 659 4171 Frustra
679 4105 842 4181 ungamini:
871 4125 930 4168 non
957 4108 1029 4167 enim
1051 4109 1210 4167 invenictis.
1251 4107 1281 4166 Si
1301 4116 1389 4166 antem

316 4183 389 4243 scire
402 4183 511 4259 cupitis,
523 4183 582 4259 jam
604 4193 714 4244 tacete:
738 4186 888 4247 declarabo
908 4188 983 4249 enim
1005 4208 1083 4248 nunc
1100 4191 1231 4255 morbum
1247 4190 1309 4251 beri
1330 4192 1389 4249 mei.
