2875 4984
514 395 686 475 Reum.
802 364 807 376 ¹
1131 413 1172 474 er

108 557 260 623 BACCH.
282 561 398 635 Curari.
438 563 534 642 Opem
546 568 670 643 implora
681 567 737 626 dei.

109 641 268 740 ΧΑῌΤῌ.
291 644 320 718 O
334 645 461 723 ridicule,
474 665 572 723 noune
585 651 643 707 cito
656 667 764 726 surges,
778 647 945 725 priusquam
955 649 1088 712 tevideat
1097 653 1166 726 alie.

65 741 124 785 nus
136 743 294 800 quispiam.

107 803 258 863 BACCH.
280 805 334 864 Sed
347 805 466 882 linquar
479 808 594 880 opimo:
616 825 716 871 rerum
729 809 774 876 fer
784 807 821 884 ad
836 826 887 868 eor
900 827 992 882 meum
1006 811 1165 890 spongiam.

107 883 275 944 XANTH.
298 881 354 958 Fm,
369 888 477 960 accipe.
751 901 755 910 ·

108 963 261 1032 BACCH.
286 965 432 1031 Admore.¹

48 1055 53 1060 '
109 1040 280 1105 XANTH.
302 1043 364 1110 Utri
378 1043 444 1103 est?
467 1045 514 1123 Dii
527 1047 615 1111 boni!
638 1045 685 1103 irie
698 1045 786 1114 habes
800 1051 872 1107 cor?

51 1189 58 1196 ,
108 1121 263 1182 BACCH.
285 1122 362 1180 Nam
377 1143 436 1199 pre
450 1133 526 1186 metu
539 1129 567 1184 iu
582 1127 744 1185 inferiorem
759 1137 888 1186 ventrem
898 1127 1045 1202 delapsum
1058 1136 1128 1191 αἱ(

107 1201 277 1261 ΧΑΝΤΗ.
299 1201 327 1260 Ο
343 1204 517 1264 timidissime
529 1205 648 1265 deorum
663 1219 694 1264 tu
708 1214 795 1282 atque
808 1208 965 1266 hominum.

110 1280 269 1341 BACCH.
291 1280 375 1357 ligo?
398 1289 544 1357 quomodo
556 1288 665 1350 timidus
675 1304 775 1363 essem,
786 1290 837 1362 qui
849 1290 997 1364 spongiam
1008 1307 1026 1347 a
1038 1288 1168 1366 tapetii?

67 1379 159 1424 nemo
173 1380 241 1419 sane
253 1363 324 1421 alius
340 1363 396 1420 hoe
410 1364 533 1431 fecisset.
684 1367 688 1376 '

112 1445 143 1501 X
147 1438 280 1500 ΑΝΤΗ.
302 1441 378 1508 Quid
393 1449 484 1506 ¹vero?

112 1519 264 1579 BACCH.
284 1519 429 1601 decuisset
451 1525 599 1599 olfaciens,
614 1526 638 1594 si
661 1525 882 1585 timidusessst=
911 1544 966 1602 ego
990 1534 1085 1586 autem
1107 1546 1172 1587 sur.

74 1604 154 1673 rexi,
166 1608 198 1658 et
211 1602 248 1656 ad
263 1600 325 1658 inme
338 1605 458 1662 abstersi
471 1612 561 1662 nates.

115 1679 281 1738 XANTH.
301 1679 403 1740 Fortia
416 1701 483 1742 saue
495 1685 584 1757 factu,
600 1683 619 1741 d
635 1681 790 1757 Neptune!

114 1757 267 1824 BACCH.
288 1758 336 1824 Ita
348 1762 452 1836 hercle,
465 1766 581 1839 opinor.
624 1763 669 1820 At
691 1771 722 1820 tu
738 1781 834 1821 noune
848 1764 1008 1823 formidasti
1021 1766 1174 1842 strepitum

72 1841 235 1910 rethorum
249 1848 279 1896 et
290 1842 378 1898 minas
391 1840 403 1898 f

117 1917 281 1977 XANTH.
305 1919 404 1980 Flacci
418 1939 476 1980 non
491 1921 557 1996 feci,
572 1921 613 1979 its
625 1939 671 1978 me
685 1919 805 1996 Jupiter
818 1929 903 1982 amet.

117 1997 268 2056 BACCii.
290 1998 434 2074 Agerium,
449 2001 680 2075 quandoquidem
701 2006 846 2060 animosus
863 2009 892 2060 et
915 2002 999 2061 fortis
1021 2020 1062 2078 es,
1077 2008 1110 2060 tu
1125 2001 1175 2063 das

71 2095 145 2157 ego,
158 2080 239 2135 clara
253 2077 305 2136 hae
317 2088 412 2138 sumta
424 2087 453 2136 et
476 2082 591 2136 leonina
607 2079 689 2152 pelle,
700 2082 724 2144 si
737 2083 850 2154 quidem
861 2083 944 2138 nullo
966 2083 1068 2139 timore
1080 2084 1176 2154 quati·
1303 2085 1306 2090 ’

72 2167 167 2236 uetur
180 2158 289 2215 viscera
303 2165 374 2217 tua:
397 2175 452 2234 ego
465 2177 533 2216 vero
548 2161 576 2215 in
591 2165 700 2232 partem
715 2178 767 2217 ero
781 2161 832 2216 tibi
848 2161 973 2234 bajulus.

119 2237 281 2296 XANTH.
304 2236 385 2296 Cedo
404 2257 438 2298 ea
452 2241 602 2309 celeriter3
624 2233 783 2295 musenim
805 2241 947 2314 gerendus
959 2244 1023 2296 est:
1047 2243 1077 2296 et
1099 2239 1176 2296 intu-
1288 2225 1293 2232 ⁵

73 2336 130 2396 ere
142 2316 318 2376 Herculeum
333 2317 503 2394 Xanthiam,
518 2336 555 2377 an
570 2318 683 2376 timidus
695 2319 812 2376 futurus
826 2319 888 2388 sim,
900 2325 931 2377 et
944 2321 986 2377 tui
997 2321 1113 2380 similem
1126 2320 1178 2377 ira·

74 2403 194 2457 biturus
209 2396 344 2455 animum.

122 2475 268 2536 BACCH.
290 2475 361 2535 Non
374 2477 424 2551 pol
439 2475 493 2534 mei
507 2478 606 2536 similis
619 2477 686 2551 eris,
701 2477 750 2535 sed
766 2495 866 2537 revera
879 2478 928 2536 ilie
941 2476 1101 2536 Montensis
1114 2495 1177 2535 rer.

77 2561 164 2618 hero.
207 2557 340 2631 Agedum
354 2559 482 2631 stragula
495 2558 551 2615 ista
564 2559 674 2614 follem.
1189 2625 1194 2634 ρ

76 2635 80 2640 ’
122 2634 216 2697 ANC.
239 2635 443 2707 Ocarissime,
467 2639 599 2695 venistiu’
623 2635 785 2694 Hercules?
813 2639 868 2694 ime
891 2637 1050 2712 ingredere.
1101 2633 1193 2693 Nam'

77 2719 171 2791 Dira,
186 2723 219 2774 ut
232 2718 341 2774 audivit
365 2723 394 2775 te
416 2715 572 2790 advenisse,
596 2718 689 2776 statim
708 2715 814 2790 pinsuit
835 2733 935 2790 panes,
961 2719 1040 2775 coxit
1059 2717 1179 2790 legumi-

79 2817 155 2861 num
167 2799 310 2856 fresnrum
325 2797 408 2870 ollas,
423 2797 509 2870 pultis
531 2799 601 2854 duas
616 2801 665 2852 aut
687 2803 763 2864 tres;
786 2796 887 2854 bovem
901 2795 1005 2852 assavit
1024 2795 1181 2870 integrum,
1231 2853 1238 2858 ,

80 2884 233 2960 placentas
248 2877 367 2947 torruit,
386 2875 533 2935 collabor:
547 2877 603 2944 ,sed
621 2877 779 2950 ingredere.
1196 2893 1200 2908 =

131 2956 296 3018 XANTH.
319 2955 399 3014 Bene
410 2975 514 3016 rocas:
536 2958 628 3032 gratia
641 2962 693 3013 est.
1139 3009 1145 3020 .

125 3037 224 3097 ANC.
250 3037 298 3095 lta
313 3055 358 3094 me
377 3037 488 3111 Apollo
510 3044 596 3111 amet,
612 3043 643 3092 ut
663 3051 718 3110 ego
741 3039 771 3091 te
791 3048 939 3106 uunquam
963 3031 1062 3091 sinam·
1080 3031 1180 3104 abire3

80 3118 318 3195 quandoquidem
333 3122 361 3175 et
376 3133 473 3174 carnes
487 3119 580 3174 arium
606 3117 735 3188 elixarit,
749 3122 779 3171 et
799 3111 920 3172 bellaria
930 3113 1026 3190 frixit,
1038 3118 1068 3172 et
1088 3113 1184 3174 riuum

82 3200 203 3274 miscuit
216 3198 417 3255 suavissimum.
438 3196 492 3255 Sed
505 3197 654 3273 ingredere
666 3199 788 3252 mecunf.

127 3275 287 3340 XANTH.
310 3275 497 3354 Perbenigne.

127 3355 280 3418 BACCH.
302 3357 332 3416 N
334 3373 402 3433 ugus
415 3359 473 3433 agis
485 3377 495 3415 r
516 3373 575 3414 non
589 3356 663 3414 enim
677 3359 708 3412 te
720 3351 860 3411 amittam.

125 3439 191 3498 AN
194 3439 229 3498 C.
252 3436 384 3510 Namque
398 3445 427 3495 et
440 3438 557 3497 tibicina
571 3439 623 3495 tibi
638 3454 697 3494 una
708 3442 753 3494 est
765 3435 844 3499 intus
858 3433 1065 3510 pulcherrima,
1078 3434 1108 3490 el
1127 3431 1183 3488 aal-

86 3518 282 3583 meseum
296 3526 348 3576 aut
361 3525 429 3576 tres.

130 3597 291 3660 XANTH.
313 3597 390 3667 Quid
403 3599 563 3657 memoras?
586 3597 767 3655 saltatrices?

87 3674 90 3679 ’
129 3679 231 3739 ANC.
253 3677 457 3755 Pubescentes,
472 3685 501 3736 et
524 3695 620 3736 recens
642 3678 743 3735 vulsae.
783 3671 838 3733 Sed
850 3671 1019 3747 ingrederer
1046 3687 1112 3728 uam
1135 3685 1187 3726 oo.

90 3779 167 3838 quus
177 3762 237 3836 jum
250 3761 341 3834 pisces
352 3767 415 3818 erat
430 3761 606 3818 detracturus
619 3757 699 3832 foeo,
713 3763 744 3816 et
754 3771 852 3814 mensa
862 3755 941 3810 intro
952 3753 1107 3809 ferebatur.

135 3838 296 3903 XANTH.
317 3840 451 3918 Agedum
472 3839 518 3897 dic
534 3839 635 3914 primo¹
646 3838 769 3896 tibicinis
792 3836 860 3908 illis,
875 3851 938 3907 qnae
953 3834 1030 3890 intus
1051 3837 1130 3906 suut,
1143 3847 1188 3888 me

91 3923 189 3999 ipsum
201 3921 260 3996 jam
273 3922 393 3996 ingredi.
436 3919 495 3995 Tu,
511 3937 594 3994 puer,
609 3935 728 3992 sequere
740 3934 785 3974 me
797 3916 850 3973 isac
866 3923 896 3972 et
907 3915 952 3971 fer
964 3912 1101 3986 stragula

135 3999 283 4062 BAGCH.
305 4001 384 4059 Heus
406 4005 451 4076 tu,
472 4003 538 4059 siste
559 4001 689 4075 gradum.
733 3995 933 4071 Nequaquam,
948 3993 1066 4065 opinor,
1082 4007 1136 4066 pro
1159 4003 1191 4047 re

93 4085 168 4142 seria
180 4081 276 4147 habes,
291 4085 368 4156 quod
381 4086 411 4141 te
421 4081 522 4158 jocuio
537 4082 591 4139 feci
606 4073 780 4138 Herculem:
804 4093 857 4135 nec
878 4075 956 4133 ultro
969 4073 1091 4150 nugaris,
1105 4067 1191 4128 Xau-

93 4165 177 4222 thiar
199 4164 247 4220 aed
262 4165 375 4220 sublata
388 4181 487 4222 rursus
500 4163 560 4222 lraec
573 4162 618 4222 ier
631 4160 768 4236 stragula.
781 4227 785 4235 Ι
1184 4220 1188 4227 .

139 4241 297 4302 XANTH.
319 4243 401 4314 Quid
423 4243 489 4305 esti
520 4261 580 4302 nou
600 4241 722 4319 cogitas,
736 4243 770 4299 ut
791 4241 877 4316 puto,
891 4235 960 4297 mihi
979 4233 1114 4309 adimere,
1127 4240 1194 4322 quat

98 4323 165 4400 ipse
177 4321 292 4381 dedisti.

182 4419 253 4465 ror..
276 4419 320 4463 rr.
645 4417 668 4460 ι
