2875 4984
534 425 671 490 AVES.
1076 431 1134 488 18⁵

90 573 205 639 Pisufl.
230 578 311 651 Quid
327 584 439 643 tandem
460 585 535 645 istuc
553 584 681 661 portenti
692 576 755 642 est?
786 601 844 643 non
857 583 955 659 itaque
972 583 1090 641 tusolus
1103 600 1132 641 es

55 652 153 734 Epope,
167 664 216 720 sed
230 673 262 721 et
276 666 325 721 hic
339 668 422 723 alter.

88 738 140 797 ΕΡ.
161 742 219 800 llic
233 746 346 819 quidem
357 746 492 805 Phssoclis
506 753 549 805 est
563 746 635 805 filius
648 766 683 804 ex
701 744 807 820 Epope
815 747 949 819 prognati
962 764 970 804 e
995 764 1048 819 ego
1062 762 1132 802 vero

56 838 114 876 arus
122 823 173 894 ipsi
185 842 246 882 sum
262 834 398 899 paternus
410 849 420 899 3
441 830 506 887 acsi
519 829 618 887 dicas:
639 827 825 906 Hippomenes
835 822 1043 903 Gullioefilr’us,
1055 832 1085 883 et
1095 844 1132 883 err

56 899 213 977 Hipponico
228 904 350 966 Callias.

87 979 206 1043 PISTH.
230 986 338 1045 Callias
353 989 442 1064 igitur
455 997 498 1047 est
510 990 556 1047 hic
570 988 638 1049 ales.
680 987 725 1047 Ut
737 988 792 1062 ipsi
806 990 910 1063 plumae
924 986 1074 1045 defluunt!

88 1059 200 1123 EUEL.
223 1068 348 1143 Scilicet,
364 1078 395 1127 ut
409 1073 455 1143 qui
467 1088 617 1146 generosus
631 1071 711 1143 sit,a
732 1071 916 1145 sycophantis
938 1066 1130 1144 deprometur,

58 1143 205 1205 etlemellae
219 1151 337 1224 insuper
351 1153 473 1208 evellunt
488 1156 540 1225 ipsi
554 1170 671 1227 pennas.

90 1221 208 1285 PISTH.
234 1228 263 1286 Ο
279 1231 434 1305 Neptune!
455 1251 553 1289 eccum
566 1234 653 1290 olium
668 1232 764 1289 denuo
778 1232 979 1289 versicolorem
992 1232 1068 1289 illum
1078 1228 1131 1290 ali.

57 1307 112 1359 lem·
151 1301 220 1374 'Quo
235 1330 304 1369 vero
319 1314 434 1371 nomine
447 1322 579 1371 censetur
593 1311 669 1371 iste?

90 1383 143 1443 ΕΡ.
167 1386 223 1447 Hic
237 1401 280 1449 est
294 1391 485 1468 Colophagas.

89 1462 209 1529 PlSTH.
224 1470 305 1531 Num
316 1494 383 1536 vero
394 1472 573 1549 Catophagas
583 1476 654 1532 alius
663 1480 705 1532 est
717 1479 802 1547 atque
811 1473 983 1550 Cleonymus
995 1470 1006 1529 ἓ
1020 1474 1068 1547 qui
1077 1490 1130 1529 au·

58 1550 256 1625 impetisset,
271 1560 315 1628 ut,
330 1555 504 1630 Cleonymus
528 1576 616 1627 quum
630 1558 676 1626 sit,
693 1574 752 1611 non
765 1555 903 1627 abjecerit
930 1554 1065 1611 cristam?
1089 1556 1132 1613 At

57 1643 115 1684 reru
127 1632 192 1701 quid
204 1636 261 1692 sibi
274 1634 376 1694 volunt
389 1638 436 1694 isti
457 1639 550 1694 arium
563 1636 680 1713 apices?
711 1655 749 1695 an
771 1637 895 1693 dianium
912 1637 1021 1693 cursuri
1044 1655 1129 1696 rene·

59 1710 133 1770 mut?

91 1786 200 1850 EUEL.
221 1794 349 1872 Scilicet,
364 1803 396 1854 ut
408 1794 507 1872 Cares,
522 1797 541 1855 ὅ
556 1800 644 1873 bone,
659 1797 689 1854 in
705 1797 822 1855 collium
836 1797 963 1871 apicibus
987 1796 1128 1876 incolunt,

44 1873 201 1932 ‘securitatis
214 1895 296 1952 ergo.
639 1882 645 1891 ‘

59 2029 68 2083 Ι
92 1949 206 2013 PlSTH.
229 1958 259 2017 O
275 1957 429 2034 Neptune!
460 1978 556 2017 nonne
569 1959 647 2016 rides
661 1964 799 2031 quantum
810 1959 1055 2033 sitcongregalum
1070 1975 1130 2016 ma-

70 2048 107 2086 um
118 2036 228 2095 arium?

92 2111 202 2175 EUEL.
223 2120 335 2193 Apollo
350 2140 408 2192 rer,
422 2140 485 2194 quae
509 2119 618 2179 nubes!
640 2116 707 2190 iou,
723 2116 790 2176 iou!
813 2119 1034 2190 praevolantem
1057 2121 1128 2177 mul·

59 2190 167 2255 titudine
178 2217 215 2258 ne
229 2202 380 2260 introitum
394 2205 506 2275 quidem
522 2203 589 2258 licet
601 2202 722 2274 amplius
737 2199 907 2271 conspicari.

92 2272 210 2339 PISTH.
225 2280 285 2339 Hic
297 2286 396 2355 perdix
411 2291 452 2341 est
463 2304 473 2355 3
495 2285 548 2339 iste
561 2302 640 2355 vero,
654 2283 695 2339 ita
707 2300 752 2339 me
765 2279 881 2354 Jupiter
889 2286 975 2358 amet,
990 2287 1103 2357 attagen
1116 2301 1126 2354 3

61 2350 99 2409 hic
111 2368 199 2419 autem
213 2365 363 2439 penelops‚
379 2374 408 2422 et
421 2368 473 2421 iste
486 2365 597 2421 alcedo.

92 2434 201 2500 Eunu.
223 2443 328 2516 Ecquis
341 2465 409 2503 vero
423 2447 470 2503 ille
483 2453 526 2503 cst
539 2464 615 2518 pone
630 2442 818 2508 alcedonemi

91 2514 210 2582 PISTH.
234 2524 308 2592 Quis
320 2528 368 2585 ille
381 2525 441 2584 sit?
463 2529 586 2603 cerylus.

92 2595 200 2664 EUEL.
224 2606 305 2664 Num
319 2610 403 2683 igitur
418 2610 531 2683 corylus
545 2612 588 2664 est
601 2604 681 2662 ales?

92 2674 209 2745 Pls'ufl.
232 2686 398 2761 Quippioi?
420 2707 456 2744 an
471 2705 530 2743 non
545 2696 575 2743 et
588 2682 760 2760 Sporgilos?
781 2686 843 2743 lraec
856 2702 928 2743 rero
942 2691 1049 2745 noctua
1061 2689 1114 2743 est.
1219 2713 1221 2719 ·

92 2756 203 2822 EUEL.
225 2766 303 2835 Quid
314 2771 377 2827 ais?
400 2770 463 2843 quis
473 2773 605 2825 noctuam
620 2768 750 2824 Athenas
764 2766 949 2839 deportavit?

92 2835 209 2905 PISTH.
225 2847 307 2921 Pica,
319 2856 428 2923 turtur,
442 2849 556 2921 alauda,
565 2848 649 2920 eleae,
660 2847 855 2925 hypotlrymis,
868 2848 1009 2923 columba,
1021 2852 1130 2922 nertus,

59 2918 187 2998 accipiter,
217 2931 375 3005 palumbus,
398 2932 527 3002 cuculus,
549 2930 734 3004 erythropus,
762 2930 935 3006 ccblepyrir‚
961 2920 1129 3006 porphyris,

62 2999 130 3073 Sitit,
144 3010 298 3086 urinatrix,
312 3013 440 3085 ampelio,
456 3011 603 3086 ossifraga,
619 3012 708 3084 picus.

93 3078 205 3147 EUEL.
228 3089 298 3164 lou,
310 3092 368 3161 iou,
379 3098 514 3165 quantum
524 3089 636 3152 arium!
651 3090 716 3164 lou,
728 3093 791 3161 iou,
802 3097 936 3165 quantum
944 3087 1128 3149 merulemml

62 3161 204 3237 niripiunt
218 3179 249 3229 et
263 3175 403 3229 cursitant
415 3171 646 3248 perstrepentes!
667 3174 804 3246 numquid
828 3172 912 3231 nobis
935 3168 1128 3231 minitentur?

62 3252 97 3294 ra
106 3246 186 3308 milri!
208 3255 309 3325 utique
323 3272 374 3311 ora
387 3254 528 3328 pandunt,
542 3260 627 3325 atque
639 3254 669 3310 in
683 3270 728 3310 me
741 3254 900 3329 respiciunt
912 3259 942 3313 et
955 3262 994 3312 te.

94 3319 217 3393 PlSTH.
239 3331 274 3391 Id
287 3337 398 3406 quidem
411 3342 441 3393 et
454 3334 523 3391 mihi
537 3336 658 3393 ridetur.
1091 3351 1093 3357 ’
1154 3384 1159 3400 ,

95 3400 214 3470 cflon.
235 3414 626 3491 Popopopopopopopopoi.
667 3412 796 3475 Ubinam
809 3420 853 3473 est
867 3415 918 3488 qui
936 3432 979 3473 me
992 3410 1128 3471 vocarit?

62 3492 110 3547 l¹¹⁰
124 3494 234 3552 undem
248 3498 278 3552 in
293 3499 358 3554 loco
371 3495 471 3571 degit?

94 3562 148 3623 ΕΡ.
167 3571 223 3632 Hic
232 3576 402 3651 jampridem
415 3578 523 3653 adsum,
538 3594 632 3651 neque
644 3576 750 3634 amicos
764 3575 874 3633 desero.

95 3642 209 3713 CHOR.
232 3656 478 3733 Tititititimprou.
520 3656 613 3725 Quem
637 3658 736 3731 itaque
758 3656 873 3713 taudem
890 3655 1009 3712 amicum
1022 3668 1131 3711 sermo-

62 3735 115 3781 nem
127 3724 357 3798 mihiadlerens?
1092 3739 1097 3809 ᾗ

95 3803 150 3897 ΕΡ.
172 3814 354 3891 Popularem,
369 3823 474 3893 tutum,
487 3816 610 3896 justum,
622 3820 796 3895 jucundum,
814 3816 1028 3876 conducibilem.
1062 3811 1131 3872 Duo

63 3898 128 3943 turm
140 3892 191 3951 riri
203 3901 312 3957 subtilis
325 3902 420 3975 ingeni
434 3902 489 3957 huc
502 3902 681 3959 advenerunt
691 3901 727 3956 ad
741 3918 794 3957 me.

98 3965 212 4037 CHOR.
235 3980 319 4039 Ubi?
340 3998 400 4054 qua
412 3980 545 4039 ratione?
567 3983 636 4055 quid
650 3981 763 4052 inquis?

97 4043 150 4108 ΕΡ·
171 4058 220 4116 Ab
233 4062 396 4120 hominibus
409 4064 457 4120 aio
469 4065 615 4119 advenisse
629 4062 685 4118 huc
707 4062 780 4117 duos
794 4077 896 4117 senes:
926 4076 1017 4117 secum
1040 4062 1134 4119 autem

64 4120 187 4192 habentes
197 4145 316 4199 veniunt
329 4142 453 4217 stipitem
467 4145 506 4200 rei
521 4144 697 4217 prodigialis.

99 4207 214 4277 CHOR.
236 4222 264 4281 0
286 4230 329 4296 tu,
344 4225 394 4298 riui
415 4226 565 4282 maximum
589 4221 751 4281 commisisti
773 4219 919 4299 flagitium,
933 4240 967 4295 px
981 4238 1040 4294 quo
1054 4219 1135 4291 equi·

65 4282 119 4347 dem
131 4302 211 4359 natus
224 4321 284 4362 sum
299 4312 328 4363 et
341 4306 466 4379 eductru,
481 4307 548 4380 quid
560 4302 654 4361 dicis?

136 4392 204 4441 ron.
225 4402 272 4444 rr.
575 4389 625 4445 tn
