2875 4984
513 378 658 441 Avus,
1057 378 1120 439 21³

37 538 190 632 nobiscum
210 539 254 598 ito
274 538 305 596 iu
332 539 448 613 culum,
462 540 497 597 ut
521 535 671 608 Beiram,
684 541 838 615 ceteraque
862 536 960 597 omnia
985 532 1027 597 ibi
1045 538 1122 645 ecel·
1154 511 1162 529 ’

38 637 209 837 pmlillss‘lll.
231 698 420 759 Commodum
440 701 527 777 igitur
539 700 593 790 'har
607 718 672 760 ares
686 702 810 761 concisae
832 706 901 760 sunt
920 701 957 785 ad
972 652 1123 777 'nuptiales

38 797 96 857 epu
109 799 152 838 as.

79 858 204 997 Hltltlc.
218 858 358 999 ‘lulum
370 879 450 938 reru,
459 866 494 920 ut
504 882 558 939 ego
567 862 614 921 bie
626 881 774 922 remanens
782 864 894 923 interim
904 880 1003 923 carues
1011 861 1121 921 mrem?

41 959 94 999 rus
106 959 144 997 au
159 960 204 999 em
218 960 227 999 ι
240 962 267 1000 e.
880 966 886 981 ·

82 1020 208 1080 ΝΕΡΓ.
229 1020 316 1079 Tune
327 1040 425 1081 carnes
439 1026 535 1083 asses?
556 1040 685 1101 magnam
702 1024 847 1086 enimuero
862 1023 1047 1086 voracitatem
1058 1042 1127 1084 nar·

42 1119 98 1162 ras.
141 1100 214 1160 Non
227 1103 281 1161 ibis
293 1103 463 1161 nobiscum?
881 1110 883 1115 '

82 1180 207 1241 HERC.
229 1181 361 1242 Molliter
372 1203 440 1242 sane
452 1203 497 1242 me
511 1202 660 1243 curassem.

82 1261 214 1321 Pls'rfl.
236 1264 278 1320 At
290 1271 396 1322 restem
409 1268 565 1339 nuptialem
578 1267 635 1323 hnc
648 1263 716 1324 mihi
730 1265 794 1339 quis
807 1266 928 1327 adferat.

84 1342 213 1401 GHOR.
237 1342 879 1423 InPharisrero,upudClepsydrumversuta
887 1345 1131 1423 estEnglottoge.

44 1428 158 1482 storum
172 1426 262 1499 natio,
274 1426 324 1497 qui
335 1426 430 1502 lingua
440 1434 563 1503 metunt,
574 1428 878 1501 cernuurindemiuut,
889 1435 918 1487 et
932 1428 1000 1487 ficus
1011 1430 1108 1502 legunt
1119 1445 1130 1485 t

45 1512 114 1562 snut
125 1511 222 1561 autem
234 1524 338 1581 genere
352 1508 479 1581 barbari,
493 1506 612 1582 Gorgiae
626 1512 656 1564 ct
668 1505 815 1583 Philippi:
839 1515 867 1565 et
881 1511 918 1565 ab
932 1509 994 1565 istis
1010 1506 1133 1581 Englot·

46 1586 245 1659 togasturibus
259 1585 398 1680 Philippis
407 1605 469 1646 uros
482 1590 616 1665 invaluit,
628 1588 774 1662 utubique
785 1590 907 1664 regionis
917 1588 1020 1647 Attica
1033 1587 1134 1663 lingua

49 1684 178 1725 seorsum
191 1683 208 1725 a
222 1675 324 1726 ceteris
336 1670 409 1727 extis
422 1676 544 1728 secetur.

234 1846 434 1926 numurus,
449 1848 628 1929 cuorus,
643 1804 945 1910 rrsrnnnnnus.

93 2002 230 2074 NUNT.
252 2004 281 2063 0
294 2022 401 2065 summe
413 2005 520 2080 felices,
531 2008 676 2081 magisque
690 2024 774 2079 quem
787 2006 879 2064 serbis
890 2006 980 2080 possit
989 2002 1137 2080 exponi,d

52 2091 99 2143 ter
113 2088 230 2142 beatum
243 2088 404 2144 volucrium
418 2088 510 2144 avium
521 2107 621 2163 genus,
632 2089 754 2159 excipite
768 2104 861 2161 regem
875 2092 997 2144 restrum
1007 2087 1140 2146 fortuna.

54 2169 91 2224 tis
105 2166 136 2222 in
151 2167 267 2224 sedibus.
308 2166 387 2225 Talis
408 2168 483 2225 enim
502 2169 624 2242 accedit,
638 2170 730 2242 qualis
754 2185 845 2239 neque
861 2167 980 2224 illustris
1002 2168 1140 2243 adspectu

56 2249 142 2306 stella
153 2246 233 2304 fulsit
244 2249 273 2303 in
287 2266 360 2305 auro
373 2249 540 2321 splendente
553 2250 639 2307 domo
651 2269 660 2320 3
683 2267 778 2322 neque
786 2247 859 2305 Sulis
874 2250 980 2305 clarum
993 2249 1141 2305 radiorum

53 2329 269 2403 jubartautnm
283 2329 469 2401 resplenduit.
497 2328 585 2388 Venit
598 2336 693 2387 autem
707 2330 809 2387 ducens
824 2348 918 2386 secum
928 2328 1071 2398 mulierem
1081 2330 1144 2387 ine·
1174 2378 1180 2387 .

56 2410 198 2465 narrabili
220 2409 439 2483 pulchritudine,
452 2411 567 2467 uibrans
589 2411 710 2483 tulmen,
723 2411 829 2469 alatum
842 2408 863 2469 J
864 2411 923 2467 oris
937 2410 1041 2467 telum:
1063 2410 1144 2466 miras

57 2490 205 2549 suavitatis
218 2490 290 2545 odor
305 2489 341 2544 ad
354 2490 488 2548 altissima
497 2492 561 2549 coeli
572 2492 758 2560 diffunditur3
778 2491 972 2564 spectaculum
983 2492 1142 2565 egregium:

58 2569 207 2627 suffitnum
221 2587 289 2627 vero
303 2588 379 2626 aurae
393 2570 448 2627 leri
466 2577 548 2627 motu
561 2571 704 2627 adtollunt
718 2572 864 2627 volumina
883 2569 962 2626 lumi.
1004 2568 1060 2627 Hic
1073 2586 1144 2626 vero

61 2653 139 2725 ipsus
152 2657 216 2707 est:
238 2650 287 2709 sed
300 2654 417 2723 oportet
426 2650 498 2709 dirae
513 2646 607 2707 Musa
627 2666 750 2726 sacrum,
764 2650 898 2719 bonaque
910 2650 999 2706 rerba
1010 2649 1146 2722 fundens,

60 2750 94 2790 os
108 2747 232 2803 aperire.
890 2782 894 2793 .

104 2808 196 2869 SEM.
219 2809 341 2882 Recede,
355 2808 478 2884 discede,
494 2809 626 2884 abscede,
643 2809 780 2883 concede,
790 2809 1000 2867 circumvolata
1011 2807 1145 2866 fortuna·

63 2897 128 2950 tum
141 2892 234 2948 sirum
246 2891 344 2949 fausto
356 2891 514 2948 seuientem
528 2891 632 2949 omine.
675 2889 761 2963 Hem,
776 2891 851 2959 hem,
866 2894 971 2962 quanta
992 2888 1145 2947 venustas!

64 2991 129 3046 quae
144 2970 349 3045 pulchritudo!
370 2967 461 3043 oqui
483 2970 675 3036 felicissimum
697 2970 763 3028 hnic
785 2971 851 3027 urbi
863 2970 1075 3027 matrimonium
1091 2970 1147 3027 ini.

63 3054 114 3112 isti
126 3051 135 3110 l
150 3070 262 3127 magua,
271 3069 374 3126 magna
382 3053 568 3127 contigerunt
577 3069 628 3124 per
639 3052 747 3109 huncce
757 3052 954 3126 rirumgeneri
966 3050 1059 3107 arium
1070 3069 1148 3109 cum·

24 3187 30 3193 .
64 3134 172 3193 moda:
194 3133 243 3190 sed
257 3133 409 3207 hymenaeis
421 3138 452 3190 et
462 3132 619 3207 genialibus
632 3132 757 3206 excipite
766 3132 934 3189 carminibus
943 3133 1047 3206 ipsura,
1059 3149 1148 3206 spou-

64 3232 183 3287 samque
195 3213 258 3287 ejus
271 3210 421 3271 Basileam.

110 3292 204 3352 SEM.
226 3292 336 3352 Junoni
358 3294 427 3350 olim
450 3289 595 3370 Olympia
617 3292 722 3349 excelsi
742 3292 806 3349 solii
828 3310 920 3366 regem
941 3309 1074 3366 magnum
1097 3291 1151 3349 diis

68 3375 171 3433 Parcae
185 3373 397 3450 conjunxerunt
409 3375 460 3431 tali
472 3374 643 3450 hymeneos
665 3371 792 3449 Hymen,
807 3372 826 3430 d
842 3372 1009 3448 Hymenaee.
1051 3368 1149 3428 Flori-

69 3458 125 3514 dus
139 3462 232 3513 antem
247 3456 338 3513 Amor
352 3455 443 3511 aureis
455 3456 506 3511 alis
526 3460 606 3511 retro
627 3454 764 3511 adductas
785 3454 902 3526 regebat
921 3452 1055 3523 habenas,
1067 3448 1151 3509 Jovis

70 3539 226 3612 pronubus
238 3538 385 3609 bestaeque
399 3534 419 3594 J
421 3535 523 3592 uuonis
535 3553 544 3591 ε
566 3532 691 3611 Hymen,
703 3533 722 3591 ὂ
737 3532 901 3610 Hymenaee.

115 3615 245 3675 PlSTH.
269 3614 403 3673 Delector
417 3616 540 3692 hymnis,
551 3615 679 3672 delector
693 3616 840 3671 cuntibus:
863 3612 947 3679 laudo
957 3618 1081 3670 vestrum
1093 3630 1152 3669 ser.

71 3715 200 3755 monem.
241 3695 306 3755 ,lam
320 3714 388 3754 vcro
400 3713 475 3753 nuuc
487 3714 548 3770 age,
557 3693 735 3769 Jurisipsius
745 3696 885 3767 celebrate
893 3694 1021 3752 tonitrua
1032 3695 1085 3751 sub
1094 3699 1153 3750 ter.
1205 3692 1213 3705 “

74 3796 139 3836 ram
159 3778 326 3854 mugientia,
340 3778 477 3853 igneaque
497 3775 623 3851 fulgura,
634 3775 862 3848 horrendumque
880 3782 910 3832 et
922 3792 1072 3832 coruscum
1095 3774 1154 3831 sul.

73 3878 153 3917 men.

119 3936 246 3995 CHOR.
269 3934 297 3995 0
310 3936 432 4012 fulguris
454 3953 568 3993 aureum
590 3936 699 4008 lumen,
714 3935 734 3994 d
747 3933 769 3994 J
770 3936 829 3994 oris
841 3935 998 3993 immortale
1010 3938 1097 3993 telum
1111 3936 1154 4011 ig.

77 4020 216 4085 miserum,
233 4018 251 4077 d
269 4018 392 4093 inferna,
404 4018 631 4092 gravesonantia,
645 4023 676 4073 et
686 4016 833 4075 imbrifera
845 4017 927 4073 simul
940 4018 1074 4090 tonitrua,
1091 4022 1155 4089 qui.

77 4104 136 4157 hus
150 4101 257 4156 viriste
270 4117 348 4154 nuuc
360 4105 464 4156 terram
488 4096 629 4172 concutit,
643 4097 769 4154 omnium
784 4115 835 4171 per
848 4103 876 4155 te
897 4096 1014 4172 potitus,
1028 4105 1059 4155 et
1081 4099 1155 4155 adsi-

79 4185 194 4245 dentem
208 4180 261 4237 sibi
274 4178 412 4237 Basileam
424 4180 511 4237 babet
523 4177 543 4237 J
545 4179 615 4236 uvis.
656 4177 782 4255 Hymen,
798 4178 816 4235 d
829 4176 994 4252 Hymenaee.

122 4259 249 4320 PlSTH.
270 4258 425 4335 Sequimini
437 4277 513 4330 nunc
523 4260 649 4333 nuptias,
663 4258 682 4315 ὂ
698 4277 804 4333 genera
814 4261 908 4317 omnia
920 4256 1056 4335 aligerim
1074 4256 1156 4315 sude·
