2875 4984
370 673 930 829 ARISTOPHANIS

547 981 736 1099 vasen.
779 1000 783 1011 ·

488 1203 778 1261 «φ...-

189 1354 320 1439 sosm,
336 1362 537 1442 saltumn,
551 1364 806 1443 nunnionno,
820 1362 1067 1443 iustumne,

452 1495 786 1588 ¹cnonunnonnl.

115 1694 205 1755 808.
227 1676 280 1763 H
284 1718 336 1759 sus
350 1707 392 1778 tu,
406 1704 474 1774 quid
489 1704 569 1776 tacis,
582 1703 682 1761 infelix
697 1698 846 1763 Xanthia?

113 1775 278 1836 XANTH.
301 1782 465 1841 Custodiam
480 1793 647 1842 nocturnam
659 1785 811 1841 dissolvere
824 1788 911 1845 disce

111 1856 199 1917 808.
218 1858 353 1936 Magnum
379 1882 448 1939 ergo
481 1867 623 1937 quoddam
654 1866 758 1922 mutum
786 1865 907 1923 debebas
932 1857 1067 1921 lateribus
1094 1862 1159 1921 tuis.

66 1934 170 2019 Anne
182 1940 268 1997 etiam
278 1945 331 2000 sois
345 1947 455 2016 qualem
469 1947 661 2002 custodiamus
675 1944 807 2003 beluam?

116 2014 281 2080 XANTH.
302 2023 389 2082 Soio:
412 2026 461 2082 sed
475 2024 563 2099 cupio
578 2027 726 2099 paululum
742 2026 875 2083 dormire.

111 2100 197 2160 808.
218 2098 266 2159 Τιι
278 2122 347 2161 voro
362 2107 540 2178 perictitare3
572 2124 637 2163 nam
647 2113 677 2163 et
700 2106 768 2162 meis
781 2106 871 2163 ocutis
885 2103 946 2180 jam
958 2102 1064 2177 aliquid
1078 2103 1160 2163 dulce

68 2184 243 2241 offunditur.

113 2262 280 2321 xANTffi
297 2255 434 2323 Proiecto
448 2262 566 2341 insanis,
576 2272 627 2323 ant
636 2263 838 2342 Corybantum
848 2283 927 2325 more
937 2264 1034 2322 iuuere
1046 2261 1155 2340 incipis.

112 2342 196 2401 808.
219 2344 310 2402 Nont
327 2347 376 2404 sed
389 2347 483 2421 gravis
495 2366 540 2405 me
552 2348 615 2419 quis
624 2363 716 2421 sopor
729 2348 843 2405 incussit
855 2366 890 2405 ex
905 2346 1033 2404 Sabazio.

113 2422 285 2481 XANTH.
306 2426 439 2483 Eundem
451 2447 520 2503 ergo
532 2446 639 2485 mecum
660 2426 900 2487 colisSabazium.
941 2426 1015 2485 Nam
1037 2432 1067 2484 et
1088 2426 1155 2484 mihi

67 2506 163 2563 modo
174 2507 250 2577 quasi
261 2506 351 2563 bostis
367 2509 430 2577 quis
438 2506 541 2565 Medus
553 2508 656 2565 invasit
665 2509 828 2585 palpebras,
843 2509 1153 2583 capitisquassatorso·

69 2605 129 2660 por
141 2604 151 2653 3
172 2593 203 2641 ot
215 2603 283 2643 sane
295 2588 398 2643 mirum
409 2591 548 2647 somnium
562 2588 700 2644 somniavi
715 2589 810 2646 modo.

110 2664 190 2725 808.
212 2664 252 2723 Et
263 2686 316 2741 ego
330 2684 415 2725 unum
429 2675 517 2742 certe,
531 2669 613 2742 quate
629 2684 774 2739 nunquam
788 2668 918 2725 antebac.
958 2663 1012 2723 Sed
1024 2670 1054 2723 tu
1067 2684 1153 2725 narra

68 2764 166 2821 prior.

110 2823 271 2885 ΧΑΝΤΗ.
294 2825 365 2886 Visa
377 2831 419 2883 est
430 2826 525 2901 aquito
537 2829 670 2886 devolans
683 2825 712 2883 in
727 2824 833 2900 ionum,
847 2840 949 2901 magna
970 2824 1095 2899 oppido,
1104 2842 1149 2886 na.

68 2923 142 2980 pere
154 2906 297 2983 unguibus
308 2911 441 2985 ctypenm
464 2915 592 2982 erutum,
606 2915 635 2965 et
649 2910 750 2981 procui
773 2909 801 2965 iu
824 2909 925 2965 ooeiuns
945 2904 1078 2965 auiorrst
1100 2906 1150 2965 de-

69 2989 138 3045 inde
149 2989 228 3045 iilum
240 2990 373 3063 clypeum
387 2990 459 3045 visus
472 2994 514 3047 est
526 2990 663 3065 abjecisse
674 2986 857 3067 Cleonymus.

113 3067 191 3127 SOS.
210 3068 290 3125 Nibil
313 3088 382 3143 ergo
404 3086 421 3123 a
443 3070 546 3144 gripho
558 3072 653 3127 differt
673 3067 858 3147 Cleonymus.
898 3063 958 3134 Qtss'
969 3070 1022 3141 fit,
1037 3084 1147 3143 queso,

69 3148 187 3224 rogabit
199 3151 300 3221 aliquis
312 3152 387 3208 inter
399 3153 535 3208 convivas
547 3151 690 3220 iabuiaus,
701 3158 736 3207 ut
755 3168 816 3207 one
838 3148 992 3225 eademque
1015 3148 1101 3207 belua
1113 3152 1147 3210 ἐκ

70 3236 158 3287 terro
169 3236 199 3286 et
212 3233 243 3287 in
256 3230 328 3290 caelo
341 3239 370 3288 et
383 3234 416 3287 in
429 3234 508 3289 mori
518 3230 646 3309 clypeum
657 3228 827 3303 abjecerit?
842 3236 845 3241 '

111 3308 267 3368 ΧΑΝΤΗ.
289 3309 345 3369 Hei
357 3308 443 3370 mibi!
464 3311 533 3386 quid
545 3331 614 3388 ergo
625 3312 693 3368 maii
705 3311 814 3369 eveniet
825 3306 903 3385 mibi,
912 3308 962 3381 qui
975 3310 1146 3368 talsinsom-
1230 3340 1231 3345 κ

70 3391 150 3449 nium
163 3388 238 3449 vidi?

111 3469 187 3529 808.
209 3472 257 3532 Ne
269 3474 307 3529 sis
318 3474 476 3531 sollieituss
498 3472 568 3531 nihii
583 3473 659 3532 onim
672 3471 728 3530 orit
741 3470 818 3545 muli,
832 3469 873 3526 ito
886 3486 931 3525 mo
943 3472 1041 3527 ament
1054 3468 1103 3527 dii.

112 3548 269 3613 ΧΑΝΤΗ.
290 3552 425 3611 Attamen
438 3554 530 3613 dirum
543 3560 586 3611 est
605 3572 687 3612 omen
701 3554 788 3611 bomo
810 3548 949 3623 abjiciens
968 3566 1055 3609 arma
1096 3546 1144 3607 Tu

70 3650 140 3691 vero
149 3630 207 3705 jam
221 3644 300 3693 tuum
314 3652 409 3691 narra.
776 3670 780 3677 »
1007 3672 1010 3679 ·

110 3710 185 3771 808.
205 3716 258 3774 Sed
271 3715 421 3791 estmagni
434 3716 569 3772 momenti
582 3733 591 3771 a
603 3713 728 3772 'nam‘ad
750 3716 840 3770 totam
863 3708 1027 3785 reipublicae
1041 3724 1142 3775 nauem

71 3793 181 3853 attinet.

110 3874 264 3933 XANTH.
285 3873 414 3951 Propera
427 3876 518 3951 igitur
529 3890 686 3932 memorare
699 3872 822 3931 esninam
836 3870 913 3930 iliius
928 3867 980 3928 ssi.
1052 3895 1055 3901 ¹

111 3952 183 4013 808.
204 3954 291 4015 Visus
304 3977 365 4014 sum
376 3960 452 4015 eirea
465 3956 588 4030 pmmnm
602 3972 731 4012 somnum
747 3954 841 4009 videre
855 3953 1018 4009 concionem
1041 3950 1141 4009 sedem

73 4036 171 4104 tamin
183 4033 281 4112 Puyce
293 4039 444 4111 pecudum,
459 4037 578 4094 baculos
596 4034 758 4092 habentium
773 4042 802 4089 et
817 4032 920 4105 pallia:
943 4030 1044 4088 deindo
1066 4032 1140 4113 intes

72 4115 136 4174 istas
149 4120 267 4189 pecudes
279 4119 347 4175 mibi
360 4119 510 4177 videbatur
522 4117 609 4176 serbe
622 4116 717 4174 tacere
727 4112 836 4171 balaeua
846 4111 1005 4188 omninum,
1016 4128 1076 4185 qna
1087 4129 1138 4170 to·

74 4214 130 4256 cem
141 4197 261 4255 babebat
274 4201 367 4259 obesa
378 4199 448 4259 auis.

145 4294 214 4338 son.
235 4294 282 4337 iv.
387 4279 391 4288 ’
581 4281 631 4336 21
