2875 4984
320 367 377 426 ldd
677 363 1080 427 anrsrorltnntls

362 520 470 583 JUST.
494 521 562 579 Mea
576 521 688 595 quidem
701 523 842 584 sententia
854 541 938 582 nano
952 525 1050 600 potior
1062 523 1120 580 ruit
1130 519 1269 581 Hercule.

362 601 445 662 INJ.
467 601 603 676 Ubinam,
626 620 734 676 quase,
748 605 843 664 uidisti
865 623 988 678 unquam
1006 605 1122 683 frigidas
1142 603 1269 661 balineas
1293 601 1401 662 Hercu·

318 685 395 742 lens?
417 685 522 756 etquis
536 693 628 742 tamen
642 693 704 744 erat
716 685 844 745 sortior?
1087 729 1107 767 Β

360 762 382 823 J
384 762 469 823 UST.
491 763 562 822 Haec
575 773 644 822 sunt
652 765 700 823 ilia
712 765 929 840 nimirumque
940 764 1164 824 adolesoentilrus
1171 764 1306 838 qnotidie
1313 766 1345 822 in
1357 783 1400 822 ore

319 854 395 920 sunt,
410 853 439 903 ct
452 845 578 904 efficiunt
592 851 623 902 ut
636 847 769 904 balneum
782 847 819 904 sit
832 849 958 922 plenum,
973 849 1114 922 palaestra
1128 863 1236 904 racnae.

361 924 442 985 INJ.
465 925 620 1000 Vituperas
641 927 743 984 deinde
764 927 836 984 hanc
859 929 889 984 in
910 927 977 984 loro
998 927 1125 984 versandi
1146 900 1408 994 consuetudinem;l

320 1012 350 1064 at
362 1026 415 1080 ego
429 1008 524 1065 lando.
565 1005 640 1064 Nam
654 1009 676 1064 si
688 1009 746 1067 hoc
757 1009 862 1064 malum
872 1014 954 1076 mant,
966 1005 1108 1066 Homerus
1119 1005 1266 1080 nunqnam
1290 996 1408 1075 iecissdi

318 1085 473 1146 Nestorem
487 1094 643 1157 oratorem,
656 1095 686 1145 et
705 1095 816 1146 ceteros
829 1090 968 1163 sapientes
982 1108 1089 1147 omnes.
1130 1089 1228 1146 Redeo
1241 1105 1323 1144 nnnc
1336 1080 1408 1159 lrinci

317 1168 354 1224 ad
367 1167 504 1243 linguam,
517 1187 601 1240 quam
616 1169 670 1225 iste
677 1175 762 1244 negat
767 1169 896 1243 juniores
909 1187 1040 1227 exercere
1048 1171 1172 1240 debere;
1193 1187 1249 1242 ego
1258 1187 1331 1224 vero
1344 1163 1408 1224 nio.

319 1247 397 1306 Tum
409 1252 493 1307 ctiam
506 1249 669 1306 modestiam
693 1249 842 1307 colendam
858 1269 918 1308 esse
930 1252 981 1307 ait.
1021 1251 1094 1316 Qua
1108 1251 1167 1306 duo
1188 1250 1315 1306 maxima
1337 1254 1408 1311 suntss

321 1330 405 1387 mala.
447 1329 522 1388 Nam
542 1330 634 1386 cuitu
650 1347 774 1402 unquam
797 1339 919 1404 propter
931 1332 1097 1390 modestiam
1110 1330 1205 1388 vidisti
1227 1331 1301 1386 boni
1321 1329 1408 1403 quid-3,

218 1487 223 1496 Ι
314 1411 391 1484 piam
405 1409 561 1486 obtigisse?
584 1407 638 1468 llic
652 1411 730 1479 mihi,
744 1418 774 1468 et
785 1429 830 1468 me
842 1411 923 1468 dictis
937 1411 1045 1469 refelle.

357 1489 377 1548 J
380 1488 466 1550 UST.
488 1489 588 1548 Multis
600 1510 609 1547 s
640 1508 706 1548 nam
718 1489 822 1550 Peleus
833 1492 888 1550 ista
898 1493 936 1550 da
948 1508 1030 1550 causa
1042 1493 1153 1567 accepit
1165 1510 1183 1549 a
1204 1491 1259 1549 diis
1280 1491 1393 1548 maclia-

316 1587 387 1629 ram.
1275 1582 1278 1594 ’
1406 1596 1408 1631 ι

356 1650 433 1710 INJ.
455 1649 652 1710 Machaeram?
674 1652 772 1725 lepido
783 1671 851 1710 sane
864 1654 945 1710 lucro
958 1659 1068 1724 anctus,
1077 1653 1246 1711 miserrimus
1259 1653 1317 1710 ille.
1358 1651 1392 1706 At
1406 1636 1408 1673 l

309 1729 504 1807 'Hyperbolus
517 1751 554 1789 ex
572 1732 685 1809 lychnis
708 1734 863 1791 vendendis
887 1735 996 1810 talenta
1016 1735 1128 1808 accepit
1150 1752 1289 1810 perquam
1312 1734 1407 1789 muita}

315 1819 438 1886 propter
451 1813 585 1870 malitiam
599 1832 609 1885 3
630 1831 689 1870 non
702 1830 783 1884 roro,
798 1815 838 1870 ita
851 1831 896 1871 me
908 1812 1026 1889 Jupiter
1038 1819 1123 1890 amet,
1138 1834 1197 1873 non
1218 1815 1267 1872 ille
1279 1813 1391 1874 macheu
1406 1820 1407 1907 q

315 1909 385 1950 ram.
1406 1914 1407 1919 ¹

355 1971 376 2031 J
379 1971 462 2030 UST.
484 1972 632 2032 Thetidem
646 1976 742 2049 etiam,
757 1974 835 2049 qnod
850 1976 993 2034 modestos
1007 1982 1092 2051 esset,
1106 1976 1188 2034 duxit
1201 1973 1314 2034 Peleus.
1406 1924 1407 1999 l

355 2051 403 2111 IN
404 2052 424 2113 J
427 2096 434 2111 .
455 2052 526 2121 Qua
540 2057 652 2130 deinde,
667 2059 779 2115 deserto
793 2057 855 2128 illo,
869 2056 958 2114 abiit:
992 2059 1138 2116 nonenim
1152 2063 1215 2116 erat
1236 2063 1390 2132 proterius,
1406 2010 1408 2117 i

314 2151 367 2192 nec
379 2137 413 2208 is,
429 2138 478 2208 qui
491 2137 650 2194 dulcitudo
663 2145 809 2212 perpetem
826 2144 939 2195 noctem
952 2138 980 2194 in
990 2140 1121 2213 stragulis
1135 2141 1272 2196 duceret:
1300 2138 1391 2194 mulier
1406 2150 1407 2169 ¹

314 2221 408 2272 autern
432 2215 548 2288 gaudet,
562 2218 586 2272 si
602 2219 694 2290 probe
716 2219 904 2292 snbagitetur.
946 2217 1000 2278 sud
1022 2226 1053 2275 in
1075 2229 1200 2294 nugator
1222 2219 1336 2292 ineptus
1355 2234 1388 2272 es.

313 2292 390 2350 Nam
412 2295 570 2367 considera,
587 2296 794 2372 indolescens,
811 2298 906 2356 omnia
919 2317 982 2371 quae
996 2299 1026 2355 in
1039 2301 1176 2359 modestia
1188 2302 1294 2373 insunt,
1309 2317 1389 2370 qnan-
1406 2328 1407 2339 κ

312 2373 404 2446 tisque
412 2375 603 2446 voluptatibus
613 2379 649 2435 sis
660 2380 810 2446 cariturus,
819 2382 924 2453 pneris,
936 2381 1110 2452 mulieribus,
1120 2382 1255 2455 cottabis,
1266 2380 1386 2454 piscibus,
1406 2408 1407 2451 3

313 2455 394 2526 vino,
409 2455 563 2510 cachinnis.
606 2455 649 2512 At
662 2459 684 2513 si
707 2459 768 2514 istis
791 2459 1009 2531 defraudarcris,
1023 2461 1093 2535 quid
1114 2470 1197 2531 meet,
1213 2463 1387 2534 quamobrem
1406 2464 1407 2555 ἶ

311 2533 399 2590 sitam
414 2533 544 2591 amares?
566 2537 615 2593 sed
628 2537 663 2595 de
676 2538 736 2596 istis
749 2539 897 2598 hactenns.
940 2541 1069 2600 Transeo
1084 2562 1160 2599 nunc
1173 2545 1209 2599 ad
1227 2550 1388 2600 naturane·
1406 2588 1407 2619 ,

312 2615 466 2674 cessitates.
491 2615 629 2688 Peccasti,
643 2620 754 2691 amasti,
764 2627 892 2696 stuprum
901 2621 993 2680 iecisti
1003 2617 1160 2697 quidpiam,
1173 2630 1235 2680 tum
1243 2623 1388 2696 deprehen·
1406 2662 1407 2717 ,

311 2711 357 2758 sas
372 2713 420 2767 es;
443 2698 571 2770 periisti:
595 2717 707 2756 causam
729 2702 801 2757 enim
816 2721 900 2759 orare
922 2704 1023 2761 nescis.
1064 2706 1108 2760 At
1120 2704 1144 2761 ni
1164 2721 1275 2760 mecum
1298 2702 1407 2779 luerim

310 2775 427 2852 indulge
440 2780 535 2852 genio,
551 2781 635 2849 salta,
652 2781 724 2854 ride,
738 2782 807 2838 nihil
822 2789 922 2856 putato
936 2787 1027 2860 turpe.
1069 2782 1098 2840 Si
1121 2785 1198 2842 onim
1219 2802 1287 2840 cnm
1307 2785 1386 2840 aliona
1406 2789 1408 2863 t

311 2875 404 2915 uxore
416 2876 475 2916 rem
488 2859 595 2915 habens
610 2861 839 2934 deprehendaris,
854 2864 907 2936 ipsi
922 2868 1025 2922 manto
1038 2865 1191 2938 praelracte
1202 2865 1295 2922 dicito
1315 2870 1342 2921 te
1353 2865 1386 2918 in·
1406 2868 1407 2915 i

267 2938 269 2942 ’
309 2936 414 3010 juriam
429 2955 487 2993 non
499 2937 599 2995 iecisse
611 2959 619 2996 :
641 2943 743 2999 deinde
756 2944 793 3000 ad
802 2942 905 3003 dorem
919 2961 1031 3002 cansam
1042 2943 1127 3015 refer,
1138 2948 1203 3020 qnia
1215 2953 1246 3003 et
1258 2947 1307 3002 ille
1319 2962 1386 3002 amo·
1406 2940 1407 3007 l

311 3018 337 3074 ri
350 3017 499 3073 mulierum
514 3020 682 3078 succubuit:
698 3028 730 3078 to
742 3040 811 3080 rero
820 3026 946 3083 mortalis
959 3027 1010 3099 qni
1018 3027 1066 3100 sis,
1076 3028 1221 3100 quomodo
1235 3026 1326 3102 possis
1337 3042 1385 3081 esse
1406 3012 1407 3107 i

311 3099 461 3170 potentior
475 3095 572 3157 Jove?
1406 3112 1407 3147 l

352 3174 373 3233 J
376 3173 461 3234 UST.
485 3177 561 3245 Quid
575 3179 662 3238 vero?
684 3183 706 3238 si
718 3183 927 3257 raphanismnm
938 3193 967 3245 ct
980 3189 1120 3248 rnlsuram
1130 3189 1257 3263 patiatur
1272 3189 1324 3244 tibi
1336 3201 1385 3242 mo·

310 3273 372 3392 {em
385 3274 497 3332 gerens,
512 3260 665 3396 hiabefflme
676 3264 795 3340 aliquod
807 3276 1016 3345 argumentum,
1032 3287 1090 3342 quo
1100 3271 1243 3344 ostendat,
1254 3287 1285 3326 se
1298 3269 1385 3324 laticu-

324 3353 370 3394 nm
385 3356 444 3395 non
458 3357 518 3397 esse
1014 3354 1016 3361 ’

350 3416 430 3478 INJ.
448 3419 529 3488 Quid
547 3427 619 3493 tum,
634 3424 657 3480 si
672 3424 803 3481 laticnlus
815 3424 875 3483 sit?
897 3430 1044 3502 quidinde
1058 3430 1108 3487 fiet
1122 3432 1162 3487 illi
1175 3385 1264 3488 mali?
1406 3428 1407 3503 i

309 3495 459 3654 auggg.
481 3499 623 3568 Quidnam
638 3522 706 3562 vero
720 3505 811 3579 majus
828 3509 887 3566 isto
901 3511 1008 3567 malum
1021 3511 1110 3585 possit
1124 3513 1165 3570 illi
1183 3530 1308 3586 unquam
1328 3524 1384 3566 con·

351 3633 430 3720 INJ'.
452 3659 529 3727 Quid
542 3665 638 3737 itaque
648 3667 734 3739 dices,
748 3668 772 3723 si
786 3667 839 3725 hac
854 3667 883 3725 in
898 3689 929 3728 re
943 3676 972 3730 to
985 3673 1103 3732 vicero?

344 3737 365 3797 J
369 3738 454 3799 UST.
476 3741 616 3802 Tenebo:
639 3747 706 3819 quid
721 3748 794 3804 enim
809 3751 885 3807 alind
900 3754 1034 3827 agerem?

311 3818 434 3958 &ggqis
457 3820 589 3960 Atqedum
603 3829 648 3882 dic
663 3829 741 3904 milri,
756 3834 872 3904 patroni
892 3851 1042 3892 causarum
1056 3851 1094 3892 ex
1107 3851 1232 3909 quornm
1250 3835 1383 3894 hominen

437 3920 474 3959 un
498 3945 507 3970 ,
540 3913 545 3932 *

352 3976 462 4039 JUST.
484 3981 658 4044 Elaticulis.
735 4020 741 4031 ·

351 4055 398 4115 IN
400 4058 420 4117 J
423 4100 430 4117 .
454 4049 557 4124 Credo.
599 4066 677 4135 Quid
690 4069 782 4131 verni
803 4074 904 4147 tragici
914 4074 1007 4150 pnite
1019 4094 1054 4135 ex
1063 4096 1185 4151 quornm
1199 4079 1300 4137 ordine
1312 4067 1382 4137 sunl?

349 4135 369 4194 J
375 4136 457 4200 Usu.
481 4142 648 4208 Elaticnlis.

302 4215 432 4360 mulli-‘I'
455 4221 696 4290 Remmium*
740 4229 779 4293 Ei
802 4237 903 4309 P⁰Puli
922 4239 1117 4300 moderatores
1138 4259 1176 4300 ex
1199 4259 1322 4314 quorum
1343 4253 1382 4294 ω.
