2875 4984
528 349 669 417 ΗΕΘ,
1078 366 1141 425 205

84 508 226 573 Plsffl.
246 509 324 581 Quid
336 511 511 575 veredicis?

87 590 232 653 PRAEC.
253 592 313 653 Ista
324 600 354 653 te
367 615 456 657 cerea
467 612 577 656 corona
596 593 742 671 sapientie
755 612 824 671 ergo
838 600 983 657 coronent
995 602 1025 659 et
1036 602 1143 663 cende.

45 680 163 736 corant
177 692 275 733 omnes
286 677 397 751 populi.

82 754 226 873 >PISTH.
247 758 382 833 Accipio.
424 756 485 817 Cur
507 760 601 816 autem
622 761 706 815 tante
727 775 773 816 me
787 774 876 833 opere
888 756 1144 843 hqnorrntpepu.

88 916 234 977 PRAEC.
257 915 286 977 0
308 922 354 987 tu,
381 920 429 993 qui
451 920 660 977 celeberrimam
683 918 833 977 condidisti
864 919 1009 981 etherium
1031 922 1143 1003 urbem,

47 1000 146 1059 nescis
161 1005 275 1072 quante
287 1000 325 1058 sis
337 1003 415 1074 apud
427 999 553 1058 hemines
565 1001 688 1074 honore,
697 1006 824 1074 quotque
835 1000 938 1059 babeas
951 1004 1038 1079 bajus
1052 1007 1144 1081 regie·

49 1083 94 1139 nis
107 1086 270 1139 amatores.
311 1080 424 1140 Etenim
445 1087 595 1155 antequam
616 1083 690 1139 bane
702 1082 873 1139 condidisses
895 1085 992 1143 urbem
1013 1083 1147 1145 monn

49 1160 194 1220 imitandi
216 1162 311 1221 studio
332 1169 392 1221 tum
415 1163 594 1221 insaniebant
613 1162 740 1219 beminen
762 1178 868 1235 ornnes,
883 1181 992 1223 comam
1015 1166 1143 1243 alebant,

50 1243 238 1319 esuriebant,
252 1243 418 1318 sordebant,
431 1242 576 1302 Socratem
597 1245 817 1317 aemulabuntur,
831 1245 971 1317 scipiones
984 1244 1147 1305 Laconicen

51 1326 233 1399 gestabant:
255 1341 333 1381 nunc
344 1343 414 1383 vero
424 1324 487 1382 rice
499 1342 580 1381 screa
592 1327 686 1381 avium
699 1342 797 1381 amere
810 1326 972 1396 insaniunt3
995 1329 1146 1401 omniaque

54 1423 116 1479 prae
131 1405 287 1479 voluptate
303 1405 424 1479 sacient,
438 1424 503 1480 quae
523 1423 600 1479 aves,
616 1422 719 1478 easque
742 1406 899 1464 imitantur.
941 1405 1066 1466 Primum
1080 1410 1146 1482 qui.

54 1486 122 1543 dem
146 1502 248 1543 omnes
260 1506 277 1545 e
290 1490 408 1563 vestigio
419 1505 436 1545 e
448 1488 555 1544 lectulo
566 1487 649 1543 simul
674 1487 828 1559 provolant
840 1503 934 1559 mane,
947 1489 1032 1545 sicuti
1044 1506 1096 1545 nes
1109 1490 1148 1549 ad

55 1584 193 1639 pascua3
217 1570 316 1627 deinde
328 1570 410 1627 simul
431 1586 461 1625 se
475 1568 626 1626 censerunt
637 1568 673 1623 ad
696 1566 819 1639 libellos,
834 1573 920 1640 atque
932 1568 973 1626 ibi
986 1570 1147 1643 depascun-

56 1654 103 1704 tur
125 1647 291 1720 plebiscita.
330 1648 403 1707 Tam
423 1654 523 1722 aperte
535 1666 606 1706 rere
619 1648 713 1703 arium
736 1648 880 1705 insaniunt
892 1664 1002 1724 emere,
1015 1654 1049 1706 nt
1061 1652 1148 1711 etiam

57 1729 208 1803 plerisque
227 1731 317 1788 indita
337 1731 395 1787 sint
415 1731 510 1788 arium
530 1729 655 1787 nemina.
697 1726 811 1786 Perdis
829 1730 905 1791 enim
919 1746 1012 1804 caupo
1035 1729 1148 1803 quidem

56 1818 190 1868 vocatur
207 1813 346 1883 claudus3
369 1810 513 1884 Menippo
525 1817 619 1869 autem
643 1827 747 1866 nomen
767 1817 810 1867 est
830 1808 995 1884 Hirande;
1016 1809 1150 1885 Opuntie

58 1886 182 1950 meus
196 1910 324 1965 corees;
343 1890 463 1950 Alauda
474 1890 613 1949 Philonis
638 1886 805 1968 Vulpenser
824 1889 990 1966 Thcsgeni3
1012 1888 1073 1950 ldis
1087 1890 1148 1969 Ly·

59 1988 156 2047 curge
166 1993 177 2043 ;
200 1972 404 2047 Charepbonti
423 1970 599 2049 Vespcrtr'ls'e
609 1991 623 2043 ,·
642 1969 795 2045 Syracusio
816 1968 909 2031 Piens
929 1970 1034 2029 Midias
1053 1980 1149 2032 antem

59 2052 120 2111 illic
133 2048 285 2113 Geturnic
297 2054 483 2122 nominatnr;
505 2069 569 2109 nam
583 2051 678 2109 similis
691 2056 735 2110 est
753 2052 894 2109 coturnici
914 2072 932 2109 a
945 2070 1076 2127 pugnace
1087 2056 1150 2128 gal.

60 2132 91 2190 lo
104 2136 284 2209 capntictae.
326 2132 434 2191 Omnes
455 2137 548 2189 antem
571 2149 632 2205 pree
655 2132 748 2189 arium
772 2149 868 2189 amere
881 2134 1150 2207 carminacantant,

61 2214 215 2287 inquibus
227 2217 335 2275 mentio
346 2214 477 2288 quaedam
490 2212 646 2270 hirundinis
657 2219 701 2269 est
723 2212 838 2284 inserta,
851 2220 902 2271 aut
914 2215 1074 2288 penelepis,
1087 2222 1151 2289 aut,

62 2297 85 2352 si
107 2299 214 2372 mavis,
228 2298 345 2369 anseris,
361 2303 411 2353 aut
434 2295 583 2368 columba,
596 2299 649 2350 sut
670 2295 792 2365 alarum,
807 2300 856 2351 aut
880 2296 978 2353 saltem
992 2295 1028 2353 de
1050 2294 1151 2371 pennis
1199 2338 1202 2343 .

62 2374 139 2435 inest
163 2377 322 2452 pauxillum
336 2376 478 2451 quiddam.
519 2371 566 2432 lta
580 2374 691 2446 quidem
713 2392 758 2431 res
778 2376 837 2433 illic
850 2392 880 2433 se
892 2376 1009 2433 habeut.
1051 2374 1151 2435 Unum

64 2464 163 2516 autem
178 2460 235 2517 boe
257 2460 309 2516 tibi
322 2458 399 2517 dice.
440 2456 635 2515 liucvenient
657 2456 735 2513 illinc
758 2458 821 2530 plns
842 2472 927 2529 quam
949 2458 1086 2530 sexcenti,
1101 2456 1152 2531 qui

64 2540 123 2597 alas
134 2539 194 2598 sibi
201 2544 348 2615 expetunt,
357 2556 505 2611 moresque
513 2538 607 2594 arium
617 2536 712 2595 cursis
726 2538 864 2610 unguibus
878 2538 1042 2613 rapacium:
1064 2538 1153 2599 adem

65 2634 120 2692 que
135 2639 241 2695 penna
255 2622 308 2678 tibi
321 2638 377 2694 pro
389 2619 503 2676 advenis
515 2617 646 2675 alicunde
658 2618 791 2690 parandae
806 2623 881 2675 snut.

105 2700 241 2760 PISTH.
262 2700 334 2759 Non
358 2702 445 2775 igitur
470 2699 566 2755 bercle
587 2697 742 2755 cunctandi
766 2696 849 2753 nobis
870 2698 1033 2772 cepiaest3
1056 2698 1104 2757 sed
1119 2704 1152 2757 tu

67 2784 280 2858 quamprimum
303 2785 357 2850 ito,
372 2786 402 2838 et
422 2778 522 2837 corbes
546 2783 633 2850 atque
646 2775 787 2849 cophinos
804 2794 901 2834 omues
926 2778 1013 2852 imple
1037 2781 1152 2853 pennis,

68 2880 177 2938 easque
190 2864 260 2922 mibi
271 2864 327 2920 buc
339 2862 417 2921 ieras
430 2858 532 2917 Manes
545 2859 665 2916 ederat:
687 2875 744 2933 ego
756 2863 852 2915 autem
866 2860 1048 2917 advenientes
1062 2876 1152 2933 qnos·

67 2960 124 3015 que
138 2963 204 3002 exce
226 2962 293 3002 ram.

101 2962 239 3090 ,cfloll
261 3024 346 3082 Breri
359 3026 437 3081 certe
449 3025 578 3095 tempere
590 3019 762 3109 popqlosam
773 3016 881 3077 hancce
896 3020 996 3079 urbem
1009 3018 1154 3079 hominum

69 3106 176 3178 aliquis
188 3106 344 3162 secaverit.

111 3184 244 3248 PlSTH.
265 3185 396 3244 Fortuna
409 3182 495 3241 mode
506 3181 611 3238 iarmt.

111 3264 237 3326 CHOR.
259 3264 399 3325 Praevalet
411 3282 495 3321 amer
505 3262 585 3319 urbis
598 3277 677 3318 mee.

111 3345 246 3408 1²1er.
269 3348 358 3405 Ocius
370 3346 473 3403 afferre
482 3344 583 3419 jubeo.

113 3426 242 3489 CHOR.
264 3428 343 3497 Quid
362 3426 439 3486 enim
461 3422 529 3483 huic
541 3441 600 3481 non
624 3423 697 3480 inest
718 3420 795 3494 urbi,
811 3422 887 3494 quod
901 3419 1079 3480 commodum
1095 3438 1156 3479 non

74 3510 112 3568 sit
135 3508 332 3587 immigranti?
361 3506 518 3579 Sapientia,
541 3504 645 3579 Amor,
671 3501 843 3562 immortales
867 3500 990 3574 Gratis,
1013 3508 1044 3561 et
1068 3502 1156 3560 comis

75 3588 306 3665 Tranquillitatis
320 3587 431 3663 placida
444 3586 541 3643 iacies.

116 3669 247 3729 PISTH.
267 3670 362 3738 Quam
374 3669 456 3725 tarde
468 3662 628 3723 ministres!
650 3681 748 3721 nenne
762 3661 841 3721 ocius
855 3656 1046 3738 properabis?

116 3750 243 3809 CHOR.
264 3750 332 3809 Cito
345 3751 409 3822 quis
428 3746 540 3804 adierat
552 3744 697 3803 calathum
709 3762 772 3801 cum
787 3744 898 3818 pennis.
940 3742 988 3801 Te
999 3756 1069 3800 rere
1081 3740 1157 3799 hanc

77 3850 194 3890 rursum
211 3832 420 3903 excitantque
442 3829 526 3885 istum
539 3826 570 3882 in
589 3826 707 3884 modum
719 3825 890 3885 verberate:
912 3822 994 3883 nimis
1007 3822 1082 3881 euim
1098 3828 1158 3880 tar·

78 3914 130 3971 dus
143 3920 198 3985 est,
211 3913 287 3969 baud
300 3928 381 3969 secus
393 3916 481 3983 etque
492 3909 597 3966 asines.

119 3991 251 4053 PlSTH.
272 3992 375 4049 Manes
388 3990 492 4047 etenim
504 3994 547 4048 est
558 3987 690 4063 ignarus.

120 4072 248 4134 GHOR.
268 4072 317 4131 Tu
331 4072 494 4130 verebasce
513 4070 635 4146 primum
654 4083 763 4143 pannas
776 4063 1019 4141 wdinedispem,
1034 4066 1160 4127 simulet

83 4156 214 4229 musicas,
224 4161 255 4212 et
266 4154 409 4226 fatidicas,
420 4159 450 4211 ct
456 4154 579 4210 marinas
590 4167 599 4221 3
621 4150 848 4223 deindeeperam
862 4148 910 4223 da,
923 4154 958 4206 ut
970 4164 1158 4223 unumquema

83 4254 138 4308 qne
150 4236 346 4312 considerans,
359 4235 393 4295 iis
406 4250 470 4307 qua
489 4234 519 4292 iu
531 4233 659 4311 smguies
671 4230 855 4309 consumant,
868 4230 1024 4307 prudenter
1036 4232 1088 4289 aiis
1109 4246 1158 4290 er·
1277 4280 1282 4287 .
