2875 4984
489 363 704 436 PLUTUS.

111 517 220 584 ΕΔΒ.
243 522 402 584 Absentem
416 523 566 585 desideras
576 527 737 604 etsrostru
748 543 844 588 nosos.

114 603 248 665 MERC.
271 604 352 664 Ebeu
366 623 496 682 pernam,
510 625 595 681 quern
608 625 662 684 ego
676 609 879 668 comedebam!

110 685 216 746 CAR.
238 686 300 758 Uni
314 693 347 744 tu
358 703 456 762 perum
468 682 585 746 inuisus
597 687 643 754 bio
654 691 709 747 sub
720 690 769 747 dio
782 694 864 748 selle.

112 765 258 826 ΜΕΒΟ.ι
273 765 313 826 st
325 767 461 826 intestina
474 769 577 846 calide,
592 787 656 844 quae
669 787 724 846 ego
737 769 941 832 commouent

25 849 26 852 ’
113 845 217 906 CAR.
239 847 448 908 Intestiuornm
459 851 584 908 tormine
596 856 626 907 te
639 850 897 924 ridentnrrexore.

110 925 249 1006 MERC.
275 927 355 987 Eheu
371 930 485 988 calicem
497 929 601 1004 mqueli
613 933 749 1006 portione
760 933 820 991 riui
829 940 947 1008 etnquae
957 935 1163 1019 insperatum!

109 1007 211 1067 CAR.
234 1007 300 1070 Hoc
309 1009 428 1084 insuper
440 1016 541 1086 epoto,
555 1013 765 1087 quamprimum
776 1013 843 1074 hinc
857 1014 976 1086 incesse.

111 1088 247 1150 Multo.
270 1089 417 1166 Numquid
429 1109 475 1150 mo
488 1093 611 1151 amioum
624 1103 708 1152 tuum
723 1109 780 1169 ope
792 1100 841 1154 inc
850 1094 967 1170 jurares
980 1097 992 1153 i

111 1168 215 1229 CAR.
237 1169 265 1230 Si
279 1171 420 1246 ejusmodi
430 1189 462 1230 re
474 1172 528 1230 tibi
542 1191 614 1248 opus
627 1180 683 1247 est,
696 1173 728 1232 in
742 1176 859 1252 quesibi
873 1177 1009 1252 prodesse
1020 1177 1136 1251 possim.

80 1259 83 1264 '
113 1248 249 1311 Mune.
271 1251 300 1309 Si
308 1251 381 1324 ,mihi
393 1271 495 1328 panem
504 1255 578 1312 beno
591 1255 697 1329 pistum
711 1259 854 1332 prebens,
870 1257 1119 1334 comoderedcres,
1134 1262 1164 1318 et

69 1348 215 1408 magnum
228 1332 352 1391 frustum
365 1335 458 1393 carnis
471 1334 648 1406 succinorum
663 1353 771 1414 eorum,
784 1339 888 1415 quibus
901 1339 979 1397 intus
991 1337 1163 1399 sacrificetis.

115 1411 213 1471 CAR.
233 1413 537 1474 Atillsefferrincius
548 1421 602 1474 est.
1216 1457 1220 1462 -

114 1490 246 1552 MERC.
266 1494 359 1571 Atqui
370 1496 483 1571 quondo
494 1495 765 1570 uliquodrssculum
777 1497 840 1563 beri
848 1497 891 1558 tul
899 1497 1081 1574 suscipiebas,
1091 1517 1164 1571 sem·

72 1591 129 1652 per
143 1594 198 1650 ego
210 1573 362 1652 faciebam,
378 1584 410 1636 ut
421 1577 512 1634 latero
524 1595 631 1652 posses.

115 1653 215 1714 CAR.
237 1653 281 1714 En
289 1657 400 1731 quidem
414 1655 586 1731 conditione,
600 1663 633 1715 ut
642 1657 706 1734 lpse
721 1659 864 1734 particeps
878 1656 1002 1733 fierent
1018 1658 1161 1734 parietum

72 1737 245 1816 perfossor:
268 1755 334 1795 nam
347 1737 485 1798 obvenire
498 1738 550 1796 tibi
559 1737 671 1797 solebat
682 1737 798 1818 grundis
810 1741 944 1814 placente
956 1743 1029 1800 bene
1042 1740 1128 1818 pisis.

114 1811 245 1878 MERC.
265 1816 361 1892 Quem
373 1818 475 1892 deiude
487 1820 563 1888 solus
576 1821 725 1890 comedere
735 1821 858 1881 solebas.

115 1895 212 1957 CAR.
233 1896 305 1958 Nou
318 1899 393 1958 euim
406 1905 516 1975 portem
529 1917 640 1976 oequem
653 1903 803 1978 plagarum
815 1921 926 1962 mecum
939 1901 1108 1978 accipiebas,
1121 1901 1161 1970 si,

73 1979 194 2052 qnando
203 1980 429 2054 deprehenderet
441 1981 548 2056 flagitio
562 1981 659 2058 'aliquo
673 1985 832 2053 commisso.

115 2058 246 2118 MERG.
267 2059 315 2120 Ns
336 2062 494 2119 memineris
515 2066 641 2119 ueterum
660 2063 816 2136 melorum,
831 2064 855 2122 si
867 2061 979 2141 Pbylen
1003 2062 1160 2139 occupasti,-

71 2137 141 2214 Sed,
155 2141 290 2214 perdens
301 2143 434 2216 obsecro,
446 2141 678 2201 contubernalem
692 2161 738 2200 me
753 2143 879 2220 recipite.
1250 2150 1252 2156 ’

114 2219 210 2280 CAR.
232 2219 326 2296 Itone,
340 2223 393 2286 diis
406 2223 522 2296 relictis,
535 2222 583 2280 hic
594 2222 743 2294 monebis?

113 2299 242 2361 Music.
265 2300 370 2362 Vestra
383 2303 457 2360 euim
470 2303 598 2374 conditio
610 2310 654 2363 est
666 2305 768 2364 melior
780 2307 880 2376 multo.
966 2316 970 2323 '

113 2381 212 2442 CAR.
234 2378 312 2449 Quid
323 2383 413 2442 reroi
434 2401 504 2442 num
516 2385 695 2466 trspssugere
707 2386 759 2456 tibi
774 2386 901 2460 lepidum
914 2382 1053 2446 ridetur?

114 2462 245 2524 multe.
267 2461 378 2522 Patrio
389 2467 465 2523 erim
477 2473 522 2523 est
535 2469 629 2530 omnis
642 2468 728 2543 regio
740 2469 792 2525 ubi
802 2469 917 2525 bomini
928 2469 1000 2526 bere
1013 2471 1067 2526 est.

114 2544 211 2604 CAR.
233 2541 338 2616 Quen,
351 2562 458 2618 queso,
471 2565 548 2604 usum
561 2547 646 2606 nobis
659 2548 819 2623 prestabis,
833 2549 857 2605 si
870 2547 917 2606 bic
928 2545 1040 2608 tueris?

115 2623 248 2684 Multo.
266 2623 368 2684 Jenuae
382 2627 525 2686 vertendae
539 2646 584 2686 me
595 2629 741 2703 praesidem
754 2629 884 2686 facitote.

114 2706 209 2766 CAR.
232 2703 410 2765 Vertendae?
431 2709 512 2782 utqui
525 2707 595 2766 nihil
607 2727 682 2784 opus
696 2715 740 2782 est
752 2707 894 2766 versutiis.

113 2785 244 2846 MERC.
265 2787 308 2846 nt
319 2788 555 2863 negotiationum.

95 2867 213 2934 CAR.
236 2869 278 2926 At
291 2887 366 2926 nunc
378 2869 550 2944 ditescimus.
593 2867 672 2939 Quid
694 2886 765 2948 ergo
777 2865 957 2936 Mercurium
976 2863 1159 2943 cauponari.

72 2949 304 3008 umolersuobis
317 2947 470 3023 opusest?
610 2949 613 2955 '

111 3029 242 3089 MERC.
261 3027 368 3103 Itaque
381 3031 441 3088 doli
452 3029 600 3091 artificem.

114 3111 210 3170 CAR.
231 3109 321 3169 Dolii
342 3112 465 3192 minime.
502 3110 658 3186 Nouenim
681 3129 756 3188 opus
765 3116 808 3179 est
817 3110 878 3191 jum
891 3112 970 3184 dolo,
982 3107 1032 3170 sed
1051 3107 1160 3184 simpli·

73 3194 156 3252 cibus
165 3193 303 3250 moribus.
702 3196 704 3204 ’
813 3191 825 3218 ”
880 3205 885 3212 ·

113 3269 243 3332 MERC.
263 3273 308 3329 nt
317 3270 369 3330 riu
382 3272 493 3334 ducem.
625 3287 627 3292 ·
953 3280 957 3289 '
1150 3327 1154 3333 .

115 3352 211 3414 CAR.
233 3351 287 3412 Sed
300 3351 378 3412 Deus
389 3353 450 3430 jam
463 3354 558 3414 ridet:
581 3355 707 3429 adeoquo
726 3354 798 3415 duce
809 3355 1000 3430 noncmplius
1017 3346 1158 3427 indigebit

72 3454 146 3506 mus.

113 3512 239 3574 Multo,
260 3512 365 3588 Itaque
385 3516 570 3574 certaminum
592 3533 696 3590 praescs
719 3522 803 3575 eros'
821 3507 933 3590 etquid
953 3511 1157 3572 sdhucdieesi

73 3596 161 3656 Pluto
173 3597 249 3656 enim
258 3597 553 3661 convenientissimum
561 3595 1066 3670 cstinstituerecertsminemusicoet
1077 3609 1158 3671 gpms

73 3680 148 3736 nice.

113 3753 209 3818 CAR.
230 3755 322 3826 Quem
336 3757 445 3816 bonum
464 3761 509 3816 est
521 3761 692 3834 cognomine
703 3763 794 3819 multo
806 3757 928 3819 bebere!
950 3757 1004 3816 isle
1016 3755 1091 3813 enim
1102 3753 1158 3810 boc

75 3841 185 3898 cutione
197 3837 307 3896 invenit
319 3839 373 3896 sibi
384 3839 501 3898 rictum.
539 3837 611 3897 Non
622 3848 729 3900 temere
749 3860 846 3900 omues
857 3840 968 3916 judices
990 3837 1067 3893 omni
1080 3851 1157 3910 saepe

71 3921 170 3982 studio
183 3920 373 3990 contendunt,
387 3929 421 3976 ut
431 3919 528 3977 multis
539 3921 721 3978 tribunalium
735 3924 823 3993 literis
835 3921 1035 3983 inscribuntur.

112 3997 238 4060 multe.
261 3999 363 4072 Imque
374 4000 428 4058 hoc
440 4000 607 4062 conditione
619 4003 771 4076 ingrediar.

113 4079 211 4138 CAR.
232 4077 272 4138 Et
283 4081 393 4153 quidem
404 4083 467 4138 elue
478 4083 539 4155 ipse
552 4083 588 4138 sd
601 4089 719 4156 puteum
729 4083 865 4142 accedens
885 4083 953 4138 extu
966 4077 1157 4151 victimarum,

74 4163 215 4230 utstatim
229 4161 384 4220 officiosum
398 4169 427 4219 te
438 4163 507 4218 mibi
520 4164 634 4236 probes.

113 4239 198 4301 SAC.
219 4237 292 4309 Quis
306 4242 478 4316 possitmihi
491 4243 718 4322 centumuiros,
734 4243 785 4303 ubi
795 4244 833 4302 sit
843 4235 1035 4319 Chremylus?

112 4319 270 4383 efluunt.
292 4321 372 4392 Quid
385 4329 439 4401 est,
453 4323 498 4386 ric
512 4324 620 4398 optime
635 4322 647 4380 i
947 4328 951 4334 '

156 4419 229 4478 sos·
250 4419 295 4472 u·
620 4420 639 4476 ι
