<?xml version="1.0" encoding="UTF-8"?>
<!DOCTYPE html PUBLIC "-//W3C//DTD XHTML 1.0 Transitional//EN"
    "http://www.w3.org/TR/xhtml1/DTD/xhtml1-transitional.dtd">
<html xmlns="http://www.w3.org/1999/xhtml" xml:lang="en" lang="en">
 <head>
  <title>
</title>
<meta http-equiv="Content-Type" content="text/html;charset=utf-8" />
  <meta name='ocr-system' content='tesseract 3.04.00' />
  <meta name='ocr-capabilities' content='ocr_page ocr_carea ocr_par ocr_line ocrx_word'/>
</head>
<body>
  <div class='ocr_page' id='page_1' title='image "aristophaniscom00brungoog_0211.png"; bbox 0 0 2875 4984; ppageno 0'>
   <div class='ocr_carea' id='block_1_1' title="bbox 556 322 697 387">
    <p class='ocr_par' dir='ltr' id='par_1_1' title="bbox 556 322 697 387">
     <span class='ocr_line' id='line_1_1' title="bbox 556 322 697 387; baseline 0 -4"><span class='ocrx_word' id='word_1_1' title='bbox 556 322 697 387; x_wconf 75' lang='lat' dir='ltr'><strong>Avus,</strong></span> 
     </span>
    </p>
   </div>
   <div class='ocr_carea' id='block_1_2' title="bbox 65 466 1194 1021">
    <p class='ocr_par' dir='ltr' id='par_1_2' title="bbox 122 466 815 560">
     <span class='ocr_line' id='line_1_2' title="bbox 122 466 815 560; baseline 0.004 -21"><span class='ocrx_word' id='word_1_2' title='bbox 122 466 288 541; x_wconf 78' lang='lat' dir='ltr'>NUNT.</span> <span class='ocrx_word' id='word_1_3' title='bbox 304 480 349 544; x_wconf 87' lang='grc' dir='ltr'><strong>ΙΙ.</strong></span> <span class='ocrx_word' id='word_1_4' title='bbox 370 482 438 559; x_wconf 88' lang='lat' dir='ltr'><strong>lou,</strong></span> <span class='ocrx_word' id='word_1_5' title='bbox 450 485 511 559; x_wconf 91' lang='lat' dir='ltr'><strong>iou,</strong></span> <span class='ocrx_word' id='word_1_6' title='bbox 526 485 585 560; x_wconf 92' lang='lat' dir='ltr'><strong>iou,</strong></span> <span class='ocrx_word' id='word_1_7' title='bbox 601 486 660 557; x_wconf 92' lang='lat' dir='ltr'><strong>iou,</strong></span> <span class='ocrx_word' id='word_1_8' title='bbox 673 486 734 559; x_wconf 87' lang='lat' dir='ltr'><strong>iou,</strong></span> <span class='ocrx_word' id='word_1_9' title='bbox 748 480 815 542; x_wconf 86' lang='lat' dir='ltr'><strong>iou!</strong></span> 
     </span>
    </p>

    <p class='ocr_par' dir='ltr' id='par_1_3' title="bbox 122 552 641 641">
     <span class='ocr_line' id='line_1_3' title="bbox 122 552 641 641; baseline 0.008 -24"><span class='ocrx_word' id='word_1_10' title='bbox 122 552 285 622; x_wconf 79' lang='lat' dir='ltr'><strong>PISTH.</strong></span> <span class='ocrx_word' id='word_1_11' title='bbox 308 566 384 633; x_wconf 83' lang='lat' dir='ltr'><strong>Quid</strong></span> <span class='ocrx_word' id='word_1_12' title='bbox 399 568 454 625; x_wconf 83' lang='lat' dir='ltr'><strong>ltoc</strong></span> <span class='ocrx_word' id='word_1_13' title='bbox 467 569 564 641; x_wconf 82' lang='lat' dir='ltr'><strong>negoti</strong></span> <span class='ocrx_word' id='word_1_14' title='bbox 576 566 641 623; x_wconf 76' lang='lat' dir='ltr'><strong>ost?</strong></span> 
     </span>
    </p>

    <p class='ocr_par' dir='ltr' id='par_1_4' title="bbox 67 636 1194 880">
     <span class='ocr_line' id='line_1_4' title="bbox 121 636 1194 719; baseline 0.005 -21"><span class='ocrx_word' id='word_1_15' title='bbox 121 636 165 695; x_wconf 89' lang='lat' dir='ltr'><strong>N</strong></span> <span class='ocrx_word' id='word_1_16' title='bbox 169 638 290 702; x_wconf 77' lang='lat' dir='ltr'><strong>UN&#39;l&#39;.</strong></span> <span class='ocrx_word' id='word_1_17' title='bbox 307 643 349 703; x_wconf 90' lang='lat'><strong>11.</strong></span> <span class='ocrx_word' id='word_1_18' title='bbox 373 647 569 719; x_wconf 78' lang='lat' dir='ltr'><strong>indignissima</strong></span> <span class='ocrx_word' id='word_1_19' title='bbox 582 646 663 703; x_wconf 89' lang='lat' dir='ltr'><strong>nobis</strong></span> <span class='ocrx_word' id='word_1_20' title='bbox 685 644 862 703; x_wconf 79' lang='lat' dir='ltr'><strong>acciderunt.</strong></span> <span class='ocrx_word' id='word_1_21' title='bbox 904 642 1024 702; x_wconf 88' lang='lat' dir='ltr'><strong>Illorum</strong></span> <span class='ocrx_word' id='word_1_22' title='bbox 1046 646 1118 705; x_wconf 79' lang='lat' dir='ltr'><strong>euim</strong></span> <span class='ocrx_word' id='word_1_23' title='bbox 1142 651 1194 707; x_wconf 87' lang='lat' dir='ltr'><strong>ati.</strong></span> 
     </span>
     <span class='ocr_line' id='line_1_5' title="bbox 67 719 1192 807; baseline 0.004 -23"><span class='ocrx_word' id='word_1_24' title='bbox 67 719 242 807; x_wconf 54' lang='lat' dir='ltr'><strong>qPquui</strong></span> <span class='ocrx_word' id='word_1_25' title='bbox 257 729 330 799; x_wconf 83' lang='lat' dir='ltr'><strong>apud</strong></span> <span class='ocrx_word' id='word_1_26' title='bbox 345 725 445 785; x_wconf 80' lang='lat' dir='ltr'><strong>Josem</strong></span> <span class='ocrx_word' id='word_1_27' title='bbox 459 736 536 799; x_wconf 88' lang='lat' dir='ltr'><strong>sunt,</strong></span> <span class='ocrx_word' id='word_1_28' title='bbox 550 729 669 783; x_wconf 85' lang='lat' dir='ltr'><strong>deorum</strong></span> <span class='ocrx_word' id='word_1_29' title='bbox 681 724 739 798; x_wconf 87' lang='lat' dir='ltr'><strong>jam</strong></span> <span class='ocrx_word' id='word_1_30' title='bbox 751 721 836 780; x_wconf 90' lang='lat' dir='ltr'><strong>modo</strong></span> <span class='ocrx_word' id='word_1_31' title='bbox 845 742 895 797; x_wconf 88' lang='lat' dir='ltr'><strong>por</strong></span> <span class='ocrx_word' id='word_1_32' title='bbox 907 733 1004 799; x_wconf 89' lang='lat' dir='ltr'><strong>portas</strong></span> <span class='ocrx_word' id='word_1_33' title='bbox 1014 728 1149 787; x_wconf 77' lang='lat' dir='ltr'>involavit</span> <span class='ocrx_word' id='word_1_34' title='bbox 1162 732 1192 789; x_wconf 90' lang='lat' dir='ltr'><strong>in</strong></span> 
     </span>
     <span class='ocr_line' id='line_1_6' title="bbox 67 807 890 880; baseline 0.013 -29"><span class='ocrx_word' id='word_1_35' title='bbox 67 813 215 873; x_wconf 82' lang='lat' dir='ltr'><strong>aerem,</strong></span> <span class='ocrx_word' id='word_1_36' title='bbox 239 807 310 862; x_wconf 90' lang='lat' dir='ltr'><strong>clam</strong></span> <span class='ocrx_word' id='word_1_37' title='bbox 322 811 443 880; x_wconf 82' lang='lat' dir='ltr'><strong>graculis</strong></span> <span class='ocrx_word' id='word_1_38' title='bbox 456 812 505 879; x_wconf 90' lang='lat' dir='ltr'><strong>qui</strong></span> <span class='ocrx_word' id='word_1_39' title='bbox 518 810 650 865; x_wconf 75' lang='lat' dir='ltr'>excubias</span> <span class='ocrx_word' id='word_1_40' title='bbox 664 813 752 880; x_wconf 88' lang='lat' dir='ltr'><strong>agunt</strong></span> <span class='ocrx_word' id='word_1_41' title='bbox 765 807 890 862; x_wconf 90' lang='lat' dir='ltr'><strong>diurnas.</strong></span> 
     </span>
    </p>

    <p class='ocr_par' dir='ltr' id='par_1_5' title="bbox 65 876 1191 1021">
     <span class='ocr_line' id='line_1_7' title="bbox 65 876 1191 1013; baseline 0.011 -76"><span class='ocrx_word' id='word_1_42' title='bbox 65 956 88 1013; x_wconf 71' lang='lat' dir='ltr'>d</span> <span class='ocrx_word' id='word_1_43' title='bbox 115 876 280 1005; x_wconf 63' lang='lat' dir='ltr'><strong>PlsTp.</strong></span> <span class='ocrx_word' id='word_1_44' title='bbox 302 885 426 961; x_wconf 89' lang='lat' dir='ltr'><strong>anam</strong></span> <span class='ocrx_word' id='word_1_45' title='bbox 440 890 580 946; x_wconf 83' lang='lat' dir='ltr'><strong>netarium</strong></span> <span class='ocrx_word' id='word_1_46' title='bbox 593 897 622 946; x_wconf 91' lang='lat' dir='ltr'><strong>et</strong></span> <span class='ocrx_word' id='word_1_47' title='bbox 642 887 788 961; x_wconf 84' lang='lat' dir='ltr'><strong>indignum</strong></span> <span class='ocrx_word' id='word_1_48' title='bbox 802 886 959 961; x_wconf 83' lang='lat' dir='ltr'><strong>designavit</strong></span> <span class='ocrx_word' id='word_1_49' title='bbox 971 887 1097 947; x_wconf 82' lang='lat' dir='ltr'><strong>lacinus!</strong></span> <span class='ocrx_word' id='word_1_50' title='bbox 1119 889 1191 959; x_wconf 83' lang='lat' dir='ltr'><strong>Quis</strong></span> 
     </span>
     <span class='ocr_line' id='line_1_8' title="bbox 89 976 249 1021; baseline 0.031 -7"><span class='ocrx_word' id='word_1_51' title='bbox 89 976 249 1021; x_wconf 86' lang='lat' dir='ltr'><strong>eorum.</strong></span> 
     </span>
    </p>
   </div>
   <div class='ocr_carea' id='block_1_3' title="bbox 64 1038 1191 1180">
    <p class='ocr_par' dir='ltr' id='par_1_6' title="bbox 64 1038 1191 1180">
     <span class='ocr_line' id='line_1_9' title="bbox 64 1038 1191 1174; baseline 0.013 -79"><span class='ocrx_word' id='word_1_52' title='bbox 64 1135 81 1174; x_wconf 48' lang='grc' dir='ltr'><strong><em>ι</em></strong></span> <span class='ocrx_word' id='word_1_53' title='bbox 103 1038 281 1134; x_wconf 37' lang='grc' dir='ltr'><strong>,ΝΗΝῚΣ</strong></span> <span class='ocrx_word' id='word_1_54' title='bbox 295 1045 339 1104; x_wconf 90' lang='lat' dir='ltr'><strong>Il.</strong></span> <span class='ocrx_word' id='word_1_55' title='bbox 362 1047 550 1124; x_wconf 82' lang='lat' dir='ltr'><strong>Ignoramus:</strong></span> <span class='ocrx_word' id='word_1_56' title='bbox 582 1048 660 1121; x_wconf 91' lang='lat' dir='ltr'><strong>quod</strong></span> <span class='ocrx_word' id='word_1_57' title='bbox 673 1053 767 1105; x_wconf 87' lang='lat' dir='ltr'><strong>antem</strong></span> <span class='ocrx_word' id='word_1_58' title='bbox 787 1044 845 1103; x_wconf 91' lang='lat' dir='ltr'><strong>alas</strong></span> <span class='ocrx_word' id='word_1_59' title='bbox 864 1046 989 1119; x_wconf 85' lang='lat' dir='ltr'><strong>haberet,</strong></span> <span class='ocrx_word' id='word_1_60' title='bbox 1004 1048 1059 1107; x_wconf 87' lang='lat' dir='ltr'><strong>hoc</strong></span> <span class='ocrx_word' id='word_1_61' title='bbox 1080 1056 1191 1125; x_wconf 81' lang='lat' dir='ltr'><strong>tanturn</strong></span> 
     </span>
     <span class='ocr_line' id='line_1_10' title="bbox 83 1137 216 1180; baseline 0.038 -5"><span class='ocrx_word' id='word_1_62' title='bbox 83 1137 216 1180; x_wconf 87' lang='lat' dir='ltr'><strong>crmns.</strong></span> 
     </span>
    </p>
   </div>
   <div class='ocr_carea' id='block_1_4' title="bbox 66 1198 1189 2007">
    <p class='ocr_par' dir='ltr' id='par_1_7' title="bbox 66 1198 1189 1343">
     <span class='ocr_line' id='line_1_11' title="bbox 118 1198 1189 1285; baseline 0.008 -24"><span class='ocrx_word' id='word_1_63' title='bbox 118 1198 276 1261; x_wconf 88' lang='lat' dir='ltr'><strong>PISTH.</strong></span> <span class='ocrx_word' id='word_1_64' title='bbox 298 1205 406 1266; x_wconf 83' lang='lat' dir='ltr'><strong>Nonne</strong></span> <span class='ocrx_word' id='word_1_65' title='bbox 419 1210 507 1284; x_wconf 87' lang='lat' dir='ltr'><strong>igitur</strong></span> <span class='ocrx_word' id='word_1_66' title='bbox 528 1211 683 1285; x_wconf 87' lang='lat' dir='ltr'><strong>oportebat</strong></span> <span class='ocrx_word' id='word_1_67' title='bbox 707 1208 874 1265; x_wconf 80' lang='lat' dir='ltr'><strong>circuitores</strong></span> <span class='ocrx_word' id='word_1_68' title='bbox 898 1212 1040 1283; x_wconf 83' lang='lat' dir='ltr'><strong>extemplo</strong></span> <span class='ocrx_word' id='word_1_69' title='bbox 1055 1210 1189 1271; x_wconf 78' lang='lat' dir='ltr'><strong>adversus</strong></span> 
     </span>
     <span class='ocr_line' id='line_1_12' title="bbox 66 1286 322 1343; baseline 0.031 -8"><span class='ocrx_word' id='word_1_70' title='bbox 66 1297 151 1337; x_wconf 88' lang='lat' dir='ltr'><strong>eum</strong></span> <span class='ocrx_word' id='word_1_71' title='bbox 170 1286 322 1343; x_wconf 81' lang='lat' dir='ltr'><strong>mittere?</strong></span> 
     </span>
    </p>

    <p class='ocr_par' dir='ltr' id='par_1_8' title="bbox 68 1360 1188 1763">
     <span class='ocr_line' id='line_1_13' title="bbox 117 1360 1188 1447; baseline 0.009 -28"><span class='ocrx_word' id='word_1_72' title='bbox 117 1360 159 1419; x_wconf 91' lang='lat' dir='ltr'><strong>N</strong></span> <span class='ocrx_word' id='word_1_73' title='bbox 166 1362 278 1423; x_wconf 86' lang='lat' dir='ltr'><strong>UNT.</strong></span> <span class='ocrx_word' id='word_1_74' title='bbox 295 1366 335 1425; x_wconf 89' lang='grc' dir='ltr'><strong>ΙΙ.</strong></span> <span class='ocrx_word' id='word_1_75' title='bbox 358 1369 451 1443; x_wconf 86' lang='lat' dir='ltr'><strong>Atqui</strong></span> <span class='ocrx_word' id='word_1_76' title='bbox 465 1371 591 1427; x_wconf 75' lang='lat' dir='ltr'><strong>misimus</strong></span> <span class='ocrx_word' id='word_1_77' title='bbox 616 1370 733 1443; x_wconf 84' lang='lat' dir='ltr'><strong>triginta</strong></span> <span class='ocrx_word' id='word_1_78' title='bbox 755 1369 830 1427; x_wconf 89' lang='lat' dir='ltr'><strong>mille</strong></span> <span class='ocrx_word' id='word_1_79' title='bbox 851 1370 1012 1442; x_wconf 81' lang='lat' dir='ltr'><strong>accipitres,</strong></span> <span class='ocrx_word' id='word_1_80' title='bbox 1027 1372 1188 1447; x_wconf 84' lang='lat' dir='ltr'><strong>sagittarios</strong></span> 
     </span>
     <span class='ocr_line' id='line_1_14' title="bbox 68 1445 1186 1527; baseline 0.007 -26"><span class='ocrx_word' id='word_1_81' title='bbox 68 1445 235 1514; x_wconf 77' lang='lat' dir='ltr'><strong>equites:</strong></span> <span class='ocrx_word' id='word_1_82' title='bbox 257 1447 414 1507; x_wconf 85' lang='lat' dir='ltr'><strong>discursant</strong></span> <span class='ocrx_word' id='word_1_83' title='bbox 428 1453 590 1525; x_wconf 88' lang='lat' dir='ltr'><strong>quicunque</strong></span> <span class='ocrx_word' id='word_1_84' title='bbox 617 1469 717 1507; x_wconf 85' lang='lat' dir='ltr'><strong>curros</strong></span> <span class='ocrx_word' id='word_1_85' title='bbox 739 1450 845 1505; x_wconf 86' lang='lat' dir='ltr'><strong>habent</strong></span> <span class='ocrx_word' id='word_1_86' title='bbox 858 1469 976 1523; x_wconf 79' lang='lat' dir='ltr'><strong>ungues,</strong></span> <span class='ocrx_word' id='word_1_87' title='bbox 988 1454 1068 1517; x_wconf 84' lang='lat' dir='ltr'><strong>strix,</strong></span> <span class='ocrx_word' id='word_1_88' title='bbox 1085 1454 1186 1527; x_wconf 89' lang='lat' dir='ltr'><strong>buteo,</strong></span> 
     </span>
     <span class='ocr_line' id='line_1_15' title="bbox 72 1526 1187 1605; baseline 0.013 -29"><span class='ocrx_word' id='word_1_89' title='bbox 72 1526 256 1595; x_wconf 81' lang='lat' dir='ltr'><strong>vulturius,</strong></span> <span class='ocrx_word' id='word_1_90' title='bbox 272 1532 420 1604; x_wconf 86' lang='lat' dir='ltr'><strong>cymindis,</strong></span> <span class='ocrx_word' id='word_1_91' title='bbox 436 1534 530 1605; x_wconf 89' lang='lat' dir='ltr'><strong>aquila</strong></span> <span class='ocrx_word' id='word_1_92' title='bbox 543 1553 551 1587; x_wconf 75' lang='grc' dir='ltr'><strong><em>ε</em></strong></span> <span class='ocrx_word' id='word_1_93' title='bbox 576 1531 723 1589; x_wconf 84' lang='lat' dir='ltr'><strong>celerrimo</strong></span> <span class='ocrx_word' id='word_1_94' title='bbox 736 1538 825 1598; x_wconf 87' lang='lat' dir='ltr'><strong>motu,</strong></span> <span class='ocrx_word' id='word_1_95' title='bbox 839 1531 1002 1603; x_wconf 85' lang='lat' dir='ltr'><strong>alarumque</strong></span> <span class='ocrx_word' id='word_1_96' title='bbox 1016 1531 1187 1589; x_wconf 81' lang='lat' dir='ltr'><strong>stridoribus</strong></span> 
     </span>
     <span class='ocr_line' id='line_1_16' title="bbox 72 1606 1185 1690; baseline 0.009 -31"><span class='ocrx_word' id='word_1_97' title='bbox 72 1606 185 1663; x_wconf 78' lang='lat' dir='ltr'><strong>aether</strong></span> <span class='ocrx_word' id='word_1_98' title='bbox 206 1609 346 1683; x_wconf 82' lang='lat' dir='ltr'><strong>agitatur,</strong></span> <span class='ocrx_word' id='word_1_99' title='bbox 361 1612 428 1667; x_wconf 90' lang='lat' dir='ltr'><strong>dnm</strong></span> <span class='ocrx_word' id='word_1_100' title='bbox 441 1614 509 1669; x_wconf 88' lang='lat' dir='ltr'><strong>deus</strong></span> <span class='ocrx_word' id='word_1_101' title='bbox 523 1614 694 1685; x_wconf 88' lang='lat' dir='ltr'><strong>inquiritur:</strong></span> <span class='ocrx_word' id='word_1_102' title='bbox 718 1628 810 1679; x_wconf 89' lang='lat' dir='ltr'><strong>neque</strong></span> <span class='ocrx_word' id='word_1_103' title='bbox 825 1612 927 1681; x_wconf 88' lang='lat' dir='ltr'><strong>procul</strong></span> <span class='ocrx_word' id='word_1_104' title='bbox 950 1613 1041 1685; x_wconf 85' lang='lat' dir='ltr'><strong>abest,</strong></span> <span class='ocrx_word' id='word_1_105' title='bbox 1056 1614 1104 1669; x_wconf 90' lang='lat' dir='ltr'><strong>sed</strong></span> <span class='ocrx_word' id='word_1_106' title='bbox 1126 1612 1185 1690; x_wconf 85' lang='lat' dir='ltr'><strong>hic,</strong></span> 
     </span>
     <span class='ocr_line' id='line_1_17' title="bbox 73 1686 383 1763; baseline 0.032 -24"><span class='ocrx_word' id='word_1_107' title='bbox 73 1686 110 1740; x_wconf 89' lang='lat' dir='ltr'><strong>ni</strong></span> <span class='ocrx_word' id='word_1_108' title='bbox 123 1687 246 1761; x_wconf 77' lang='lat' dir='ltr'><strong>fallor,</strong></span> <span class='ocrx_word' id='word_1_109' title='bbox 257 1689 317 1763; x_wconf 88' lang='lat' dir='ltr'><strong>jam</strong></span> <span class='ocrx_word' id='word_1_110' title='bbox 332 1698 383 1751; x_wconf 86' lang='lat' dir='ltr'><strong>cst.</strong></span> 
     </span>
    </p>

    <p class='ocr_par' dir='ltr' id='par_1_9' title="bbox 73 1764 1185 1929">
     <span class='ocr_line' id='line_1_18' title="bbox 118 1764 1185 1847; baseline 0.008 -25"><span class='ocrx_word' id='word_1_111' title='bbox 118 1764 272 1827; x_wconf 89' lang='lat' dir='ltr'><strong>PISTH.</strong></span> <span class='ocrx_word' id='word_1_112' title='bbox 294 1768 484 1845; x_wconf 86' lang='lat' dir='ltr'><strong>Ergofundas</strong></span> <span class='ocrx_word' id='word_1_113' title='bbox 499 1792 600 1847; x_wconf 88' lang='lat' dir='ltr'><strong>capere</strong></span> <span class='ocrx_word' id='word_1_114' title='bbox 613 1776 730 1845; x_wconf 90' lang='lat' dir='ltr'><strong>oportet</strong></span> <span class='ocrx_word' id='word_1_115' title='bbox 739 1776 767 1829; x_wconf 87' lang='lat' dir='ltr'><strong>et</strong></span> <span class='ocrx_word' id='word_1_116' title='bbox 779 1787 873 1829; x_wconf 82' lang='lat' dir='ltr'><strong>arcus.</strong></span> <span class='ocrx_word' id='word_1_117' title='bbox 915 1768 981 1827; x_wconf 86' lang='lat' dir='ltr'><strong>Huc</strong></span> <span class='ocrx_word' id='word_1_118' title='bbox 996 1772 1111 1829; x_wconf 84' lang='lat' dir='ltr'><strong>accedat</strong></span> <span class='ocrx_word' id='word_1_119' title='bbox 1124 1774 1185 1847; x_wconf 91' lang='lat' dir='ltr'><strong>qui·</strong></span> 
     </span>
     <span class='ocr_line' id='line_1_19' title="bbox 73 1852 1182 1929; baseline 0.008 -27"><span class='ocrx_word' id='word_1_120' title='bbox 73 1862 216 1921; x_wconf 71' lang='lat' dir='ltr'><strong>cunque</strong></span> <span class='ocrx_word' id='word_1_121' title='bbox 225 1852 369 1909; x_wconf 84' lang='lat' dir='ltr'><strong>minister:</strong></span> <span class='ocrx_word' id='word_1_122' title='bbox 385 1872 467 1909; x_wconf 90' lang='lat' dir='ltr'><strong>nemo</strong></span> <span class='ocrx_word' id='word_1_123' title='bbox 482 1873 539 1910; x_wconf 92' lang='lat' dir='ltr'><strong>non</strong></span> <span class='ocrx_word' id='word_1_124' title='bbox 550 1854 665 1929; x_wconf 83' lang='lat' dir='ltr'><strong>sagittas</strong></span> <span class='ocrx_word' id='word_1_125' title='bbox 675 1856 788 1910; x_wconf 89' lang='lat' dir='ltr'><strong>mittat:</strong></span> <span class='ocrx_word' id='word_1_126' title='bbox 802 1852 918 1909; x_wconf 84' lang='lat' dir='ltr'><strong>fundam</strong></span> <span class='ocrx_word' id='word_1_127' title='bbox 929 1853 995 1908; x_wconf 89' lang='lat' dir='ltr'><strong>mihi</strong></span> <span class='ocrx_word' id='word_1_128' title='bbox 1009 1854 1110 1924; x_wconf 88' lang='lat' dir='ltr'><strong>aliquis</strong></span> <span class='ocrx_word' id='word_1_129' title='bbox 1125 1854 1182 1911; x_wconf 83' lang='lat' dir='ltr'><strong>det.</strong></span> 
     </span>
    </p>

    <p class='ocr_par' dir='ltr' id='par_1_10' title="bbox 122 1926 1185 2007">
     <span class='ocr_line' id='line_1_20' title="bbox 122 1926 1185 2007; baseline 0.007 -23"><span class='ocrx_word' id='word_1_130' title='bbox 122 1926 265 1989; x_wconf 75' lang='lat' dir='ltr'><strong>Cflott.</strong></span> <span class='ocrx_word' id='word_1_131' title='bbox 287 1930 399 1989; x_wconf 89' lang='lat' dir='ltr'><strong>Bellum</strong></span> <span class='ocrx_word' id='word_1_132' title='bbox 415 1935 520 2007; x_wconf 92' lang='lat' dir='ltr'><strong>oritur,</strong></span> <span class='ocrx_word' id='word_1_133' title='bbox 536 1936 641 1991; x_wconf 89' lang='lat' dir='ltr'><strong>bellum</strong></span> <span class='ocrx_word' id='word_1_134' title='bbox 661 1934 821 2003; x_wconf 79' lang='lat' dir='ltr'><strong>infandum,</strong></span> <span class='ocrx_word' id='word_1_135' title='bbox 835 1932 966 1989; x_wconf 89' lang='lat' dir='ltr'><strong>interme</strong></span> <span class='ocrx_word' id='word_1_136' title='bbox 980 1933 1099 1989; x_wconf 89' lang='lat' dir='ltr'><strong>etdeos.</strong></span> <span class='ocrx_word' id='word_1_137' title='bbox 1141 1936 1185 1991; x_wconf 79' lang='lat' dir='ltr'><strong>Ar</strong></span> 
     </span>
    </p>
   </div>
   <div class='ocr_carea' id='block_1_5' title="bbox 76 2009 1292 2087">
    <p class='ocr_par' dir='ltr' id='par_1_11' title="bbox 76 2009 1292 2087">
     <span class='ocr_line' id='line_1_21' title="bbox 76 2009 1292 2087; baseline 0.01 -25"><span class='ocrx_word' id='word_1_138' title='bbox 76 2009 223 2077; x_wconf 85' lang='lat' dir='ltr'><strong>quilibet</strong></span> <span class='ocrx_word' id='word_1_139' title='bbox 236 2014 378 2070; x_wconf 83' lang='lat' dir='ltr'><strong>custodiat</strong></span> <span class='ocrx_word' id='word_1_140' title='bbox 400 2015 493 2071; x_wconf 76' lang='lat' dir='ltr'><strong>aiirem</strong></span> <span class='ocrx_word' id='word_1_141' title='bbox 517 2017 638 2071; x_wconf 88' lang='lat' dir='ltr'><strong>nubibus</strong></span> <span class='ocrx_word' id='word_1_142' title='bbox 652 2016 820 2085; x_wconf 87' lang='lat' dir='ltr'><strong>obductum,</strong></span> <span class='ocrx_word' id='word_1_143' title='bbox 836 2030 920 2083; x_wconf 89' lang='lat' dir='ltr'><strong>quern</strong></span> <span class='ocrx_word' id='word_1_144' title='bbox 936 2011 1046 2069; x_wconf 82' lang='lat' dir='ltr'><strong>Erebus</strong></span> <span class='ocrx_word' id='word_1_145' title='bbox 1059 2015 1180 2087; x_wconf 85' lang='lat' dir='ltr'><strong>genuit;</strong></span> <span class='ocrx_word' id='word_1_146' title='bbox 1288 2034 1292 2039; x_wconf 85' lang='grc'><em>·</em></span> 
     </span>
    </p>
   </div>
   <div class='ocr_carea' id='block_1_6' title="bbox 74 2092 1183 4266">
    <p class='ocr_par' dir='ltr' id='par_1_12' title="bbox 74 2092 1183 2325">
     <span class='ocr_line' id='line_1_22' title="bbox 74 2092 1182 2168; baseline 0.01 -26"><span class='ocrx_word' id='word_1_147' title='bbox 74 2104 138 2144; x_wconf 85' lang='lat' dir='ltr'><strong>nec</strong></span> <span class='ocrx_word' id='word_1_148' title='bbox 157 2092 244 2149; x_wconf 87' lang='lat' dir='ltr'><strong>ullus</strong></span> <span class='ocrx_word' id='word_1_149' title='bbox 258 2094 374 2149; x_wconf 85' lang='lat' dir='ltr'><strong>deorum</strong></span> <span class='ocrx_word' id='word_1_150' title='bbox 388 2097 460 2152; x_wconf 88' lang='lat' dir='ltr'><strong>clam</strong></span> <span class='ocrx_word' id='word_1_151' title='bbox 487 2103 514 2151; x_wconf 88' lang='lat' dir='ltr'><strong>te</strong></span> <span class='ocrx_word' id='word_1_152' title='bbox 536 2096 589 2152; x_wconf 91' lang='lat' dir='ltr'><strong>hac</strong></span> <span class='ocrx_word' id='word_1_153' title='bbox 611 2115 640 2152; x_wconf 89' lang='lat' dir='ltr'><strong>se</strong></span> <span class='ocrx_word' id='word_1_154' title='bbox 662 2101 792 2168; x_wconf 86' lang='lat' dir='ltr'><strong>penetret</strong></span> <span class='ocrx_word' id='word_1_155' title='bbox 802 2098 815 2148; x_wconf 76' lang='grc' dir='ltr'><strong><em>ἐ</em></strong></span> <span class='ocrx_word' id='word_1_156' title='bbox 838 2094 954 2165; x_wconf 91' lang='lat' dir='ltr'><strong>quisque</strong></span> <span class='ocrx_word' id='word_1_157' title='bbox 976 2111 1044 2149; x_wconf 82' lang='lat' dir='ltr'><strong>roro</strong></span> <span class='ocrx_word' id='word_1_158' title='bbox 1068 2095 1182 2153; x_wconf 83' lang='lat' dir='ltr'><strong>intentis</strong></span> 
     </span>
     <span class='ocr_line' id='line_1_23' title="bbox 76 2171 1183 2252; baseline 0.008 -29"><span class='ocrx_word' id='word_1_159' title='bbox 76 2171 191 2228; x_wconf 89' lang='lat' dir='ltr'><strong>oculis</strong></span> <span class='ocrx_word' id='word_1_160' title='bbox 208 2174 434 2247; x_wconf 81' lang='lat' dir='ltr'><strong>circumspectat.</strong></span> <span class='ocrx_word' id='word_1_161' title='bbox 477 2174 553 2232; x_wconf 87' lang='lat' dir='ltr'><strong>Nam</strong></span> <span class='ocrx_word' id='word_1_162' title='bbox 578 2194 669 2250; x_wconf 87' lang='lat' dir='ltr'><strong>propo</strong></span> <span class='ocrx_word' id='word_1_163' title='bbox 690 2175 749 2251; x_wconf 86' lang='lat' dir='ltr'><strong>jam</strong></span> <span class='ocrx_word' id='word_1_164' title='bbox 763 2180 805 2231; x_wconf 88' lang='lat' dir='ltr'><strong>est</strong></span> <span class='ocrx_word' id='word_1_165' title='bbox 818 2174 885 2231; x_wconf 89' lang='lat' dir='ltr'><strong>deus</strong></span> <span class='ocrx_word' id='word_1_166' title='bbox 909 2174 1046 2247; x_wconf 83' lang='lat' dir='ltr'><strong>sublimis,</strong></span> <span class='ocrx_word' id='word_1_167' title='bbox 1061 2175 1183 2252; x_wconf 84' lang='lat' dir='ltr'><strong>agitata·</strong></span> 
     </span>
     <span class='ocr_line' id='line_1_24' title="bbox 79 2254 638 2325; baseline 0.021 -22"><span class='ocrx_word' id='word_1_168' title='bbox 79 2265 221 2325; x_wconf 83' lang='lat' dir='ltr'><strong>rumque</strong></span> <span class='ocrx_word' id='word_1_169' title='bbox 230 2254 337 2311; x_wconf 86' lang='lat' dir='ltr'><strong>alarum</strong></span> <span class='ocrx_word' id='word_1_170' title='bbox 351 2258 461 2313; x_wconf 85' lang='lat' dir='ltr'><strong>sonitus</strong></span> <span class='ocrx_word' id='word_1_171' title='bbox 474 2257 638 2315; x_wconf 84' lang='lat' dir='ltr'><strong>exauditur.</strong></span> 
     </span>
    </p>

    <p class='ocr_par' dir='ltr' id='par_1_13' title="bbox 80 2328 1180 2567">
     <span class='ocr_line' id='line_1_25' title="bbox 125 2328 1180 2410; baseline 0 -22"><span class='ocrx_word' id='word_1_172' title='bbox 125 2328 266 2391; x_wconf 88' lang='lat' dir='ltr'><strong>PISTH.</strong></span> <span class='ocrx_word' id='word_1_173' title='bbox 288 2334 369 2392; x_wconf 87' lang='lat' dir='ltr'><strong>Heus</strong></span> <span class='ocrx_word' id='word_1_174' title='bbox 393 2346 436 2409; x_wconf 92' lang='lat' dir='ltr'><strong>tu,</strong></span> <span class='ocrx_word' id='word_1_175' title='bbox 454 2356 525 2410; x_wconf 92' lang='lat' dir='ltr'><strong>quo,</strong></span> <span class='ocrx_word' id='word_1_176' title='bbox 539 2355 610 2409; x_wconf 90' lang='lat' dir='ltr'><strong>qno,</strong></span> <span class='ocrx_word' id='word_1_177' title='bbox 623 2355 682 2410; x_wconf 92' lang='lat' dir='ltr'><strong>quo</strong></span> <span class='ocrx_word' id='word_1_178' title='bbox 704 2332 806 2393; x_wconf 85' lang='lat' dir='ltr'><strong>roias?</strong></span> <span class='ocrx_word' id='word_1_179' title='bbox 828 2350 908 2389; x_wconf 84' lang='lat' dir='ltr'><strong>manc</strong></span> <span class='ocrx_word' id='word_1_180' title='bbox 922 2333 1028 2405; x_wconf 88' lang='lat' dir='ltr'><strong>quieta,</strong></span> <span class='ocrx_word' id='word_1_181' title='bbox 1043 2340 1104 2391; x_wconf 88' lang='lat' dir='ltr'><strong>esto</strong></span> <span class='ocrx_word' id='word_1_182' title='bbox 1127 2336 1180 2393; x_wconf 89' lang='lat' dir='ltr'><strong>im.</strong></span> 
     </span>
     <span class='ocr_line' id='line_1_26' title="bbox 80 2412 1180 2490; baseline 0.009 -25"><span class='ocrx_word' id='word_1_183' title='bbox 80 2418 188 2487; x_wconf 84' lang='lat' dir='ltr'><strong>mota,</strong></span> <span class='ocrx_word' id='word_1_184' title='bbox 204 2414 250 2471; x_wconf 88' lang='lat' dir='ltr'><strong>hic</strong></span> <span class='ocrx_word' id='word_1_185' title='bbox 272 2419 405 2490; x_wconf 87' lang='lat' dir='ltr'><strong>consiste,</strong></span> <span class='ocrx_word' id='word_1_186' title='bbox 420 2417 528 2474; x_wconf 87' lang='lat' dir='ltr'><strong>sustine</strong></span> <span class='ocrx_word' id='word_1_187' title='bbox 546 2436 671 2475; x_wconf 90' lang='lat' dir='ltr'><strong>cursum.</strong></span> <span class='ocrx_word' id='word_1_188' title='bbox 714 2414 784 2484; x_wconf 81' lang='lat' dir='ltr'><strong>Quae</strong></span> <span class='ocrx_word' id='word_1_189' title='bbox 807 2416 859 2472; x_wconf 85' lang='lat' dir='ltr'><strong>es?</strong></span> <span class='ocrx_word' id='word_1_190' title='bbox 883 2412 985 2489; x_wconf 75' lang='lat' dir='ltr'><strong>cujas?</strong></span> <span class='ocrx_word' id='word_1_191' title='bbox 1007 2412 1072 2471; x_wconf 88' lang='lat' dir='ltr'><strong>Jam</strong></span> <span class='ocrx_word' id='word_1_192' title='bbox 1087 2418 1180 2475; x_wconf 82' lang='lat' dir='ltr'><strong>dicero</strong></span> 
     </span>
     <span class='ocr_line' id='line_1_27' title="bbox 84 2496 604 2567; baseline 0.017 -21"><span class='ocrx_word' id='word_1_193' title='bbox 84 2498 269 2567; x_wconf 83' lang='lat' dir='ltr'><strong>oportebat,</strong></span> <span class='ocrx_word' id='word_1_194' title='bbox 286 2496 360 2554; x_wconf 87' lang='lat' dir='ltr'><strong>unde</strong></span> <span class='ocrx_word' id='word_1_195' title='bbox 373 2500 486 2555; x_wconf 85' lang='lat' dir='ltr'><strong>tandem</strong></span> <span class='ocrx_word' id='word_1_196' title='bbox 501 2501 604 2555; x_wconf 83' lang='lat' dir='ltr'><strong>ronias.</strong></span> 
     </span>
    </p>

    <p class='ocr_par' dir='ltr' id='par_1_14' title="bbox 126 2572 677 2653">
     <span class='ocr_line' id='line_1_28' title="bbox 126 2572 677 2653; baseline 0.009 -24"><span class='ocrx_word' id='word_1_197' title='bbox 126 2572 196 2632; x_wconf 73' lang='lat' dir='ltr'><strong>ssa.</strong></span> <span class='ocrx_word' id='word_1_198' title='bbox 219 2577 248 2632; x_wconf 82' lang='lat' dir='ltr'>A</span> <span class='ocrx_word' id='word_1_199' title='bbox 264 2576 316 2633; x_wconf 91' lang='lat' dir='ltr'><strong>diis</strong></span> <span class='ocrx_word' id='word_1_200' title='bbox 330 2595 382 2651; x_wconf 86' lang='lat' dir='ltr'><strong>ego</strong></span> <span class='ocrx_word' id='word_1_201' title='bbox 397 2580 510 2650; x_wconf 90' lang='lat' dir='ltr'><strong>quidem</strong></span> <span class='ocrx_word' id='word_1_202' title='bbox 525 2575 677 2653; x_wconf 83' lang='lat' dir='ltr'><strong>Olympiis.</strong></span> 
     </span>
    </p>

    <p class='ocr_par' dir='ltr' id='par_1_15' title="bbox 126 2650 1127 2731">
     <span class='ocr_line' id='line_1_29' title="bbox 126 2650 1127 2731; baseline 0 -19"><span class='ocrx_word' id='word_1_203' title='bbox 126 2652 266 2713; x_wconf 87' lang='lat' dir='ltr'>PISTH.</span> <span class='ocrx_word' id='word_1_204' title='bbox 290 2656 404 2716; x_wconf 86' lang='lat' dir='ltr'><strong>Nomen</strong></span> <span class='ocrx_word' id='word_1_205' title='bbox 417 2665 513 2717; x_wconf 89' lang='lat' dir='ltr'><strong>autom</strong></span> <span class='ocrx_word' id='word_1_206' title='bbox 527 2659 668 2731; x_wconf 87' lang='lat' dir='ltr'><strong>quodnam</strong></span> <span class='ocrx_word' id='word_1_207' title='bbox 683 2654 736 2713; x_wconf 91' lang='lat' dir='ltr'><strong>tibi</strong></span> <span class='ocrx_word' id='word_1_208' title='bbox 749 2650 816 2713; x_wconf 84' lang='lat' dir='ltr'><strong>cst?</strong></span> <span class='ocrx_word' id='word_1_209' title='bbox 839 2652 929 2726; x_wconf 86' lang='lat' dir='ltr'><strong>naris,</strong></span> <span class='ocrx_word' id='word_1_210' title='bbox 943 2672 979 2711; x_wconf 90' lang='lat' dir='ltr'><strong>an</strong></span> <span class='ocrx_word' id='word_1_211' title='bbox 993 2657 1127 2729; x_wconf 84' lang='lat' dir='ltr'><strong>petasus?</strong></span> 
     </span>
    </p>

    <p class='ocr_par' dir='ltr' id='par_1_16' title="bbox 124 2732 375 2795">
     <span class='ocr_line' id='line_1_30' title="bbox 124 2732 375 2795; baseline 0.012 -4"><span class='ocrx_word' id='word_1_212' title='bbox 124 2732 193 2794; x_wconf 83' lang='lat' dir='ltr'><strong>IR.</strong></span> <span class='ocrx_word' id='word_1_213' title='bbox 216 2736 269 2795; x_wconf 88' lang='lat' dir='ltr'><strong>Iris</strong></span> <span class='ocrx_word' id='word_1_214' title='bbox 282 2741 375 2795; x_wconf 75' lang='lat' dir='ltr'><strong>relos.</strong></span> 
     </span>
    </p>

    <p class='ocr_par' dir='ltr' id='par_1_17' title="bbox 125 2812 656 2893">
     <span class='ocr_line' id='line_1_31' title="bbox 125 2812 656 2893; baseline 0.004 -22"><span class='ocrx_word' id='word_1_215' title='bbox 125 2812 264 2876; x_wconf 81' lang='lat' dir='ltr'><strong>PISTH.</strong></span> <span class='ocrx_word' id='word_1_216' title='bbox 287 2820 417 2893; x_wconf 83' lang='lat' dir='ltr'><strong>Paratus,</strong></span> <span class='ocrx_word' id='word_1_217' title='bbox 432 2838 468 2877; x_wconf 93' lang='lat' dir='ltr'><strong>an</strong></span> <span class='ocrx_word' id='word_1_218' title='bbox 483 2815 656 2876; x_wconf 82' lang='lat' dir='ltr'><strong>Salaminia?</strong></span> 
     </span>
    </p>

    <p class='ocr_par' dir='ltr' id='par_1_18' title="bbox 127 2892 601 2972">
     <span class='ocr_line' id='line_1_32' title="bbox 127 2892 601 2972; baseline 0.006 -20"><span class='ocrx_word' id='word_1_219' title='bbox 127 2892 195 2954; x_wconf 86' lang='lat' dir='ltr'><strong>IR.</strong></span> <span class='ocrx_word' id='word_1_220' title='bbox 218 2898 283 2957; x_wconf 91' lang='lat' dir='ltr'><strong>Hoc</strong></span> <span class='ocrx_word' id='word_1_221' title='bbox 295 2908 386 2957; x_wconf 88' lang='lat' dir='ltr'><strong>autern</strong></span> <span class='ocrx_word' id='word_1_222' title='bbox 400 2901 467 2972; x_wconf 92' lang='lat' dir='ltr'><strong>quid</strong></span> <span class='ocrx_word' id='word_1_223' title='bbox 483 2901 523 2957; x_wconf 89' lang='lat' dir='ltr'><strong>rei</strong></span> <span class='ocrx_word' id='word_1_224' title='bbox 536 2897 601 2957; x_wconf 78' lang='lat' dir='ltr'><strong>ert?</strong></span> 
     </span>
    </p>

    <p class='ocr_par' dir='ltr' id='par_1_19' title="bbox 83 2972 1177 3130">
     <span class='ocr_line' id='line_1_33' title="bbox 128 2972 1177 3053; baseline 0 -20"><span class='ocrx_word' id='word_1_225' title='bbox 128 2973 263 3036; x_wconf 84' lang='lat' dir='ltr'><strong>PISTH.</strong></span> <span class='ocrx_word' id='word_1_226' title='bbox 286 2979 370 3039; x_wconf 89' lang='lat' dir='ltr'><strong>Hanc</strong></span> <span class='ocrx_word' id='word_1_227' title='bbox 388 3000 483 3039; x_wconf 91' lang='lat' dir='ltr'><strong>nonne</strong></span> <span class='ocrx_word' id='word_1_228' title='bbox 504 2980 606 3053; x_wconf 90' lang='lat' dir='ltr'><strong>aliquis</strong></span> <span class='ocrx_word' id='word_1_229' title='bbox 619 2972 841 3053; x_wconf 86' lang='lat' dir='ltr'><strong>comprehendet</strong></span> <span class='ocrx_word' id='word_1_230' title='bbox 861 2972 1011 3033; x_wconf 88' lang='lat' dir='ltr'><strong>snbrotans</strong></span> <span class='ocrx_word' id='word_1_231' title='bbox 1025 2974 1113 3032; x_wconf 87' lang='lat' dir='ltr'><strong>buteo</strong></span> <span class='ocrx_word' id='word_1_232' title='bbox 1127 2974 1177 3033; x_wconf 78' lang='lat' dir='ltr'><strong>trs·</strong></span> 
     </span>
     <span class='ocr_line' id='line_1_34' title="bbox 83 3060 328 3130; baseline 0.029 -20"><span class='ocrx_word' id='word_1_233' title='bbox 83 3072 126 3113; x_wconf 80' lang='grc' dir='ltr'><strong>ιο</strong></span> <span class='ocrx_word' id='word_1_234' title='bbox 139 3062 304 3130; x_wconf 86' lang='lat' dir='ltr'><strong>peculiatus</strong></span> <span class='ocrx_word' id='word_1_235' title='bbox 316 3060 328 3117; x_wconf 75' lang='lat' dir='ltr'><strong>i</strong></span> 
     </span>
    </p>

    <p class='ocr_par' dir='ltr' id='par_1_20' title="bbox 127 3132 970 3215">
     <span class='ocr_line' id='line_1_35' title="bbox 127 3132 970 3215; baseline -0.005 -21"><span class='ocrx_word' id='word_1_236' title='bbox 127 3135 189 3197; x_wconf 87' lang='lat' dir='ltr'><strong>IR.</strong></span> <span class='ocrx_word' id='word_1_237' title='bbox 211 3139 301 3197; x_wconf 90' lang='lat' dir='ltr'><strong>Mene</strong></span> <span class='ocrx_word' id='word_1_238' title='bbox 314 3136 556 3215; x_wconf 87' lang='lat' dir='ltr'><strong>comprehendet?</strong></span> <span class='ocrx_word' id='word_1_239' title='bbox 578 3140 647 3213; x_wconf 88' lang='lat' dir='ltr'><strong>quid</strong></span> <span class='ocrx_word' id='word_1_240' title='bbox 660 3139 689 3196; x_wconf 94' lang='lat' dir='ltr'><strong>id</strong></span> <span class='ocrx_word' id='word_1_241' title='bbox 701 3136 814 3195; x_wconf 83' lang='lat' dir='ltr'><strong>tandem</strong></span> <span class='ocrx_word' id='word_1_242' title='bbox 826 3139 869 3193; x_wconf 88' lang='lat' dir='ltr'><strong>est</strong></span> <span class='ocrx_word' id='word_1_243' title='bbox 882 3134 947 3191; x_wconf 89' lang='lat' dir='ltr'><strong>mali</strong></span> <span class='ocrx_word' id='word_1_244' title='bbox 958 3132 970 3190; x_wconf 84' lang='lat' dir='ltr'><strong>i</strong></span> 
     </span>
    </p>

    <p class='ocr_par' dir='ltr' id='par_1_21' title="bbox 129 3216 1046 3294">
     <span class='ocr_line' id='line_1_36' title="bbox 129 3216 1046 3294; baseline 0.002 -19"><span class='ocrx_word' id='word_1_245' title='bbox 129 3216 264 3278; x_wconf 88' lang='lat' dir='ltr'><strong>PISTH.</strong></span> <span class='ocrx_word' id='word_1_246' title='bbox 286 3219 415 3278; x_wconf 90' lang='lat' dir='ltr'><strong>Multum</strong></span> <span class='ocrx_word' id='word_1_247' title='bbox 428 3222 565 3294; x_wconf 89' lang='lat' dir='ltr'><strong>plorabis.</strong></span> <span class='ocrx_word' id='word_1_248' title='bbox 1045 3220 1046 3225; x_wconf 71' lang='grc'>’</span> 
     </span>
    </p>

    <p class='ocr_par' dir='ltr' id='par_1_22' title="bbox 128 3295 655 3376">
     <span class='ocr_line' id='line_1_37' title="bbox 128 3295 655 3376; baseline 0.004 -21"><span class='ocrx_word' id='word_1_249' title='bbox 128 3295 188 3357; x_wconf 82' lang='lat' dir='ltr'><strong>IR.</strong></span> <span class='ocrx_word' id='word_1_250' title='bbox 211 3301 346 3359; x_wconf 79' lang='lat' dir='ltr'><strong>Absurde</strong></span> <span class='ocrx_word' id='word_1_251' title='bbox 360 3304 457 3376; x_wconf 91' lang='lat' dir='ltr'><strong>utique</strong></span> <span class='ocrx_word' id='word_1_252' title='bbox 472 3303 533 3359; x_wconf 87' lang='lat' dir='ltr'><strong>haec</strong></span> <span class='ocrx_word' id='word_1_253' title='bbox 546 3319 590 3359; x_wconf 85' lang='lat' dir='ltr'><strong>res</strong></span> <span class='ocrx_word' id='word_1_254' title='bbox 603 3300 655 3358; x_wconf 62' lang='lat' dir='ltr'><strong>estss</strong></span> 
     </span>
    </p>

    <p class='ocr_par' dir='ltr' id='par_1_23' title="bbox 128 3372 1125 3456">
     <span class='ocr_line' id='line_1_38' title="bbox 128 3372 1125 3456; baseline -0.004 -21"><span class='ocrx_word' id='word_1_255' title='bbox 128 3375 264 3438; x_wconf 88' lang='lat' dir='ltr'><strong>PISTH.</strong></span> <span class='ocrx_word' id='word_1_256' title='bbox 286 3379 345 3439; x_wconf 85' lang='lat' dir='ltr'><strong>Per</strong></span> <span class='ocrx_word' id='word_1_257' title='bbox 360 3401 495 3455; x_wconf 90' lang='lat' dir='ltr'><strong>quasnam</strong></span> <span class='ocrx_word' id='word_1_258' title='bbox 509 3388 608 3456; x_wconf 89' lang='lat' dir='ltr'><strong>portas</strong></span> <span class='ocrx_word' id='word_1_259' title='bbox 620 3382 716 3438; x_wconf 88' lang='lat' dir='ltr'><strong>urbem</strong></span> <span class='ocrx_word' id='word_1_260' title='bbox 730 3377 856 3453; x_wconf 85' lang='lat' dir='ltr'><strong>ingressa</strong></span> <span class='ocrx_word' id='word_1_261' title='bbox 867 3392 908 3447; x_wconf 90' lang='lat' dir='ltr'><strong>cs,</strong></span> <span class='ocrx_word' id='word_1_262' title='bbox 923 3372 1125 3432; x_wconf 84' lang='lat' dir='ltr'><strong>scelestissima.</strong></span> 
     </span>
    </p>

    <p class='ocr_par' dir='ltr' id='par_1_24' title="bbox 128 3456 921 3537">
     <span class='ocr_line' id='line_1_39' title="bbox 128 3456 921 3537; baseline -0.005 -22"><span class='ocrx_word' id='word_1_263' title='bbox 128 3456 191 3519; x_wconf 85' lang='lat' dir='ltr'><strong>IR.</strong></span> <span class='ocrx_word' id='word_1_264' title='bbox 213 3460 319 3520; x_wconf 89' lang='lat' dir='ltr'><strong>Nescio</strong></span> <span class='ocrx_word' id='word_1_265' title='bbox 332 3469 443 3521; x_wconf 80' lang='lat' dir='ltr'><strong>ecastor</strong></span> <span class='ocrx_word' id='word_1_266' title='bbox 457 3464 586 3537; x_wconf 88' lang='lat' dir='ltr'><strong>equidem</strong></span> <span class='ocrx_word' id='word_1_267' title='bbox 600 3478 652 3536; x_wconf 88' lang='lat' dir='ltr'><strong>per</strong></span> <span class='ocrx_word' id='word_1_268' title='bbox 664 3477 798 3534; x_wconf 90' lang='lat' dir='ltr'><strong>quasnam</strong></span> <span class='ocrx_word' id='word_1_269' title='bbox 811 3463 921 3531; x_wconf 84' lang='lat' dir='ltr'><strong>portas.</strong></span> 
     </span>
    </p>

    <p class='ocr_par' dir='ltr' id='par_1_25' title="bbox 85 3534 1174 3698">
     <span class='ocr_line' id='line_1_40' title="bbox 128 3534 1174 3617; baseline -0.006 -20"><span class='ocrx_word' id='word_1_270' title='bbox 128 3537 261 3600; x_wconf 86' lang='lat' dir='ltr'><strong>PISTH.</strong></span> <span class='ocrx_word' id='word_1_271' title='bbox 283 3543 392 3599; x_wconf 83' lang='lat' dir='ltr'><strong>Audin’</strong></span> <span class='ocrx_word' id='word_1_272' title='bbox 405 3562 477 3617; x_wconf 86' lang='lat' dir='ltr'><strong>eam,</strong></span> <span class='ocrx_word' id='word_1_273' title='bbox 487 3550 521 3601; x_wconf 90' lang='lat' dir='ltr'><strong>ut</strong></span> <span class='ocrx_word' id='word_1_274' title='bbox 535 3562 587 3601; x_wconf 84' lang='lat' dir='ltr'><strong>nos</strong></span> <span class='ocrx_word' id='word_1_275' title='bbox 597 3544 679 3599; x_wconf 91' lang='lat' dir='ltr'><strong>ludos</strong></span> <span class='ocrx_word' id='word_1_276' title='bbox 693 3539 785 3598; x_wconf 84' lang='lat' dir='ltr'><strong>iacit?</strong></span> <span class='ocrx_word' id='word_1_277' title='bbox 807 3536 929 3595; x_wconf 85' lang='lat' dir='ltr'><strong>adiistin&#39;</strong></span> <span class='ocrx_word' id='word_1_278' title='bbox 943 3534 979 3592; x_wconf 88' lang='lat' dir='ltr'><strong>ad</strong></span> <span class='ocrx_word' id='word_1_279' title='bbox 991 3536 1174 3610; x_wconf 76' lang='lat' dir='ltr'><strong>graculorum</strong></span> 
     </span>
     <span class='ocr_line' id='line_1_41' title="bbox 85 3614 896 3698; baseline -0.007 -19"><span class='ocrx_word' id='word_1_280' title='bbox 85 3622 246 3694; x_wconf 79' lang='lat' dir='ltr'><strong>praefectos</strong></span> <span class='ocrx_word' id='word_1_281' title='bbox 260 3621 271 3679; x_wconf 88' lang='lat' dir='ltr'><strong>i</strong></span> <span class='ocrx_word' id='word_1_282' title='bbox 293 3624 361 3697; x_wconf 89' lang='lat' dir='ltr'><strong>quid</strong></span> <span class='ocrx_word' id='word_1_283' title='bbox 375 3622 435 3690; x_wconf 85' lang='lat' dir='ltr'><strong>ais?</strong></span> <span class='ocrx_word' id='word_1_284' title='bbox 457 3624 616 3698; x_wconf 81' lang='lat' dir='ltr'><strong>sigillnmne</strong></span> <span class='ocrx_word' id='word_1_285' title='bbox 628 3622 714 3681; x_wconf 83' lang='lat' dir='ltr'><strong>habes</strong></span> <span class='ocrx_word' id='word_1_286' title='bbox 726 3639 744 3678; x_wconf 85' lang='lat' dir='ltr'><strong>a</strong></span> <span class='ocrx_word' id='word_1_287' title='bbox 757 3614 896 3679; x_wconf 80' lang='lat' dir='ltr'><strong>ciconiis?</strong></span> 
     </span>
    </p>

    <p class='ocr_par' dir='ltr' id='par_1_26' title="bbox 126 3700 693 3772">
     <span class='ocr_line' id='line_1_42' title="bbox 126 3700 693 3772; baseline 0.005 -12"><span class='ocrx_word' id='word_1_288' title='bbox 126 3702 181 3760; x_wconf 85' lang='lat' dir='ltr'><strong>IR.</strong></span> <span class='ocrx_word' id='word_1_289' title='bbox 203 3702 282 3772; x_wconf 86' lang='lat' dir='ltr'><strong>Quid</strong></span> <span class='ocrx_word' id='word_1_290' title='bbox 296 3706 352 3761; x_wconf 84' lang='lat' dir='ltr'><strong>lroc</strong></span> <span class='ocrx_word' id='word_1_291' title='bbox 364 3710 407 3761; x_wconf 88' lang='lat' dir='ltr'><strong>est</strong></span> <span class='ocrx_word' id='word_1_292' title='bbox 420 3700 510 3763; x_wconf 80' lang='lat' dir='ltr'><strong>mali?</strong></span> <span class='ocrx_word' id='word_1_293' title='bbox 689 3704 693 3711; x_wconf 76' lang='grc'><strong>’</strong></span> 
     </span>
    </p>

    <p class='ocr_par' dir='ltr' id='par_1_27' title="bbox 127 3780 521 3858">
     <span class='ocr_line' id='line_1_43' title="bbox 127 3780 521 3858; baseline 0 -17"><span class='ocrx_word' id='word_1_294' title='bbox 127 3780 257 3841; x_wconf 86' lang='lat' dir='ltr'><strong>PISTH.</strong></span> <span class='ocrx_word' id='word_1_295' title='bbox 280 3782 351 3842; x_wconf 90' lang='lat' dir='ltr'><strong>Nou</strong></span> <span class='ocrx_word' id='word_1_296' title='bbox 363 3783 521 3858; x_wconf 72' lang='lat' dir='ltr'><strong>accepisti?</strong></span> 
     </span>
    </p>

    <p class='ocr_par' dir='ltr' id='par_1_28' title="bbox 130 3861 714 3925">
     <span class='ocr_line' id='line_1_44' title="bbox 130 3861 714 3925; baseline -0.005 0"><span class='ocrx_word' id='word_1_297' title='bbox 130 3861 187 3925; x_wconf 67' lang='lat' dir='ltr'><strong>ltu.</strong></span> <span class='ocrx_word' id='word_1_298' title='bbox 208 3862 297 3922; x_wconf 88' lang='lat' dir='ltr'><strong>Satin&#39;</strong></span> <span class='ocrx_word' id='word_1_299' title='bbox 310 3864 458 3923; x_wconf 80' lang='lat' dir='ltr'><strong>sanuses?</strong></span> <span class='ocrx_word' id='word_1_300' title='bbox 713 3919 714 3922; x_wconf 74' lang='grc'>,</span> 
     </span>
    </p>

    <p class='ocr_par' dir='ltr' id='par_1_29' title="bbox 92 3930 1172 4096">
     <span class='ocr_line' id='line_1_45' title="bbox 129 3930 1172 4024; baseline -0.012 -22"><span class='ocrx_word' id='word_1_301' title='bbox 129 3942 260 4004; x_wconf 84' lang='lat' dir='ltr'><strong>PISTH.</strong></span> <span class='ocrx_word' id='word_1_302' title='bbox 283 3944 387 4019; x_wconf 86' lang='lat' dir='ltr'><strong>Neque</strong></span> <span class='ocrx_word' id='word_1_303' title='bbox 409 3943 570 4024; x_wconf 86' lang='lat' dir='ltr'><strong>symbolum</strong></span> <span class='ocrx_word' id='word_1_304' title='bbox 583 3944 654 4002; x_wconf 87' lang='lat' dir='ltr'><strong>ullus</strong></span> <span class='ocrx_word' id='word_1_305' title='bbox 677 3941 730 3999; x_wconf 91' lang='lat' dir='ltr'><strong>tibi</strong></span> <span class='ocrx_word' id='word_1_306' title='bbox 752 3943 845 4001; x_wconf 85' lang='lat' dir='ltr'><strong>arium</strong></span> <span class='ocrx_word' id='word_1_307' title='bbox 869 3934 983 3997; x_wconf 89' lang='lat' dir='ltr'><strong>immisit</strong></span> <span class='ocrx_word' id='word_1_308' title='bbox 1006 3930 1172 4010; x_wconf 71' lang='lat' dir='ltr'><strong>preelectus,</strong></span> 
     </span>
     <span class='ocr_line' id='line_1_46' title="bbox 92 4026 371 4096; baseline 0.018 -17"><span class='ocrx_word' id='word_1_309' title='bbox 92 4026 143 4096; x_wconf 80' lang='lat' dir='ltr'><strong>qui</strong></span> <span class='ocrx_word' id='word_1_310' title='bbox 155 4032 249 4084; x_wconf 89' lang='lat' dir='ltr'><strong>tecum</strong></span> <span class='ocrx_word' id='word_1_311' title='bbox 262 4026 371 4085; x_wconf 78' lang='lat' dir='ltr'><strong>tuerit?</strong></span> 
     </span>
    </p>

    <p class='ocr_par' dir='ltr' id='par_1_30' title="bbox 132 4101 797 4178">
     <span class='ocr_line' id='line_1_47' title="bbox 132 4101 797 4178; baseline -0.009 -15"><span class='ocrx_word' id='word_1_312' title='bbox 132 4104 190 4163; x_wconf 86' lang='lat' dir='ltr'><strong>lR.</strong></span> <span class='ocrx_word' id='word_1_313' title='bbox 213 4105 333 4164; x_wconf 78' lang='lat' dir='ltr'><strong>Ecastor</strong></span> <span class='ocrx_word' id='word_1_314' title='bbox 345 4108 412 4165; x_wconf 90' lang='lat' dir='ltr'><strong>mihi</strong></span> <span class='ocrx_word' id='word_1_315' title='bbox 425 4109 520 4165; x_wconf 89' lang='lat' dir='ltr'><strong>nullus</strong></span> <span class='ocrx_word' id='word_1_316' title='bbox 534 4105 658 4178; x_wconf 88' lang='lat' dir='ltr'><strong>immisit,</strong></span> <span class='ocrx_word' id='word_1_317' title='bbox 677 4101 696 4160; x_wconf 88' lang='grc' dir='ltr'><strong><em>ὂ</em></strong></span> <span class='ocrx_word' id='word_1_318' title='bbox 710 4102 797 4159; x_wconf 84' lang='lat' dir='ltr'><strong>tatae.</strong></span> 
     </span>
    </p>

    <p class='ocr_par' dir='ltr' id='par_1_31' title="bbox 135 4174 1172 4266">
     <span class='ocr_line' id='line_1_48' title="bbox 135 4174 1172 4266; baseline -0.014 -23"><span class='ocrx_word' id='word_1_319' title='bbox 135 4184 262 4244; x_wconf 84' lang='lat' dir='ltr'><strong>PISTH.</strong></span> <span class='ocrx_word' id='word_1_320' title='bbox 283 4184 322 4248; x_wconf 85' lang='lat' dir='ltr'><strong>Et</strong></span> <span class='ocrx_word' id='word_1_321' title='bbox 345 4194 377 4246; x_wconf 86' lang='lat' dir='ltr'><strong>tu</strong></span> <span class='ocrx_word' id='word_1_322' title='bbox 399 4196 504 4266; x_wconf 85' lang='lat' dir='ltr'><strong>tamen,</strong></span> <span class='ocrx_word' id='word_1_323' title='bbox 518 4204 627 4263; x_wconf 80' lang='lat' dir='ltr'><strong>quaro,</strong></span> <span class='ocrx_word' id='word_1_324' title='bbox 648 4184 690 4243; x_wconf 87' lang='lat' dir='ltr'><strong>ric</strong></span> <span class='ocrx_word' id='word_1_325' title='bbox 712 4184 798 4240; x_wconf 84' lang='lat' dir='ltr'><strong>tacite</strong></span> <span class='ocrx_word' id='word_1_326' title='bbox 820 4177 977 4238; x_wconf 76' lang='lat' dir='ltr'><strong>transvolas</strong></span> <span class='ocrx_word' id='word_1_327' title='bbox 1003 4193 1053 4251; x_wconf 88' lang='lat' dir='ltr'><strong>per</strong></span> <span class='ocrx_word' id='word_1_328' title='bbox 1074 4174 1172 4230; x_wconf 78' lang='lat' dir='ltr'><strong>urben</strong></span> 
     </span>
    </p>
   </div>
   <div class='ocr_carea' id='block_1_7' title="bbox 93 4264 557 4353">
    <p class='ocr_par' dir='ltr' id='par_1_32' title="bbox 93 4264 557 4353">
     <span class='ocr_line' id='line_1_49' title="bbox 93 4264 557 4353; baseline 0.019 -30"><span class='ocrx_word' id='word_1_329' title='bbox 93 4264 212 4328; x_wconf 85' lang='lat' dir='ltr'><strong>alienam</strong></span> <span class='ocrx_word' id='word_1_330' title='bbox 225 4274 255 4353; x_wconf 84' lang='lat' dir='ltr'><strong>et</strong></span> <span class='ocrx_word' id='word_1_331' title='bbox 268 4266 381 4329; x_wconf 75' lang='lat' dir='ltr'><strong>aerem?</strong></span> <span class='ocrx_word' id='word_1_332' title='bbox 408 4265 416 4287; x_wconf 54' lang='lat' dir='ltr'><em>s</em></span> <span class='ocrx_word' id='word_1_333' title='bbox 472 4298 557 4352; x_wconf 44' lang='lat'><strong>593„</strong></span> 
     </span>
    </p>
   </div>
   <div class='ocr_carea' id='block_1_8' title="bbox 0 0 1442 4984">
    <p class='ocr_par' dir='ltr' id='par_1_33' title="bbox 0 0 1442 4984">
     <span class='ocr_line' id='line_1_50' title="bbox 0 0 1442 4984; baseline 0 3"><span class='ocrx_word' id='word_1_334' title='bbox 0 0 1442 4984; x_wconf 95' lang='lat' dir='ltr'><strong> </strong></span> 
     </span>
    </p>
   </div>
  </div>
 </body>
</html>
