2875 4984
261 338 333 399 ΩΟ.
598 330 1015 397 ΔΗΙΒΤΟΡΗΔΝΗ

260 513 299 554 ne
312 495 503 569 obtemperes,
517 508 571 549 uec
582 510 629 551 eas
642 492 771 569 adjutrix
782 494 860 551 illisu
887 493 936 551 seul
950 498 1022 566 puta
1033 498 1133 551 ornnes
1146 504 1169 551 ε’
1225 512 1259 545 ··..

263 594 309 635 oss
334 575 516 647 domesticos,
527 574 675 631 saltatores
695 575 914 647 brerioerricos‚
925 578 1033 631 statura
1047 589 1150 649 umor,
1169 575 1356 649 captiuorum

262 660 422 717 stercorum
435 661 573 726 ramenta,
586 655 781 715 machinarum
804 659 978 713 incentores.
1021 652 1132 713 Etenim
1152 655 1235 713 dixit
1259 669 1357 713 corun

262 745 356 814 pater,
371 737 450 807 illud,
466 736 543 810 quod
556 742 661 809 praeter
682 755 760 811 spem
782 738 836 793 sibi
858 735 1001 811 obtigerat
1022 741 1224 811 argumentum
1238 737 1358 810 sabab,

263 836 281 877 a
294 820 420 877 mustela
432 818 544 890 uesperi
557 818 762 893 nruugulatum
771 816 868 875 tuisse.

301 898 393 957 SEM.
415 897 500 955 Tales
513 898 596 957 deust
617 896 784 957 Gratiarum
808 897 1071 973 pulchricunraran
1089 897 1216 974 hymnos
1230 900 1355 955 celebres

261 982 418 1055 sapientem
431 984 545 1053 poetam
559 983 684 1053 cantare,
701 979 819 1055 quaudo
831 997 898 1037 rere
909 997 988 1037 noro
1000 979 1122 1036 himen
1134 980 1278 1036 sessim„
1292 998 1357 1036 roeo

260 1061 428 1137 perstrepit,
439 1066 469 1118 et
481 1059 598 1120 chorum
611 1078 671 1119 non
693 1061 781 1119 habet
792 1059 960 1127 Morsinus,
973 1076 1067 1131 noque
1080 1058 1266 1117 Melanthius
1279 1080 1289 1116 r
1312 1079 1357 1115 cu.

259 1142 308 1217 jus
321 1142 528 1200 acerbissimam
552 1159 650 1201 rocem
671 1141 823 1217 garrientis
844 1140 953 1215 audiri,
968 1158 1055 1214 quum
1077 1141 1219 1212 tragicum
1235 1141 1356 1197 chorum

260 1224 400 1281 haberent
408 1222 498 1280 trater
507 1222 570 1297 ejus
581 1228 610 1279 et
618 1222 687 1296 ipse,
698 1226 784 1281 aurbu
790 1220 945 1295 Gorgones
954 1223 1073 1296 gulosa,
1080 1222 1278 1295 bstidispices,
1288 1220 1355 1281 Har·

261 1304 349 1380 pyie,
368 1320 474 1361 anuum
495 1303 649 1375 tutatores,
662 1305 775 1377 impuri,
789 1304 896 1360 olentes
917 1302 1036 1373 hircum,
1049 1304 1166 1376 piscium
1193 1304 1356 1374 pernicior:

261 1402 333 1457 quos
347 1386 454 1459 despue
467 1391 580 1443 screatu
593 1402 698 1460 magno
709 1393 742 1445 et
752 1388 845 1460 largo,
856 1384 923 1441 ‹lira
934 1382 1033 1459 Musa,
1046 1390 1076 1441 et
1094 1399 1207 1440 mecum
1221 1385 1294 1441 laeta
1305 1385 1358 1440 les·

262 1466 401 1525 tivitatenr
413 1467 534 1524 celebra

362 1666 583 1750 TRYGAEUS,
598 1668 810 1748 FAMULUS,
825 1666 997 1743 cepaea,
1011 1664 1256 1730 HIEROCLES.

302 1850 428 1915 TRYG.
450 1853 570 1921 Quanta
583 1854 666 1914 molis
678 1862 742 1912 erat
757 1853 905 1927 pervenire
918 1869 1005 1925 usquo
1025 1853 1060 1911 ad
1073 1850 1159 1911 deoc!
1181 1852 1251 1910 mihi
1264 1853 1360 1911 hercle

259 1934 338 1993 reno
351 1936 452 1993 dolent
468 1934 578 2009 oppido
592 1952 689 1991 crura.
731 1933 816 1992 Parvi
828 1937 924 2005 utique
935 1933 1057 2007 desuper
1066 1934 1193 1991 intuenti
1202 1935 1275 1991 mihi
1285 1937 1360 1990 ride·

261 2015 379 2077 ltamial.
411 2013 455 2073 De
469 2016 543 2071 coelo
554 2016 667 2088 quidem
679 2016 820 2091 spectanti
829 2015 961 2073 uidemini
972 2032 1039 2073 saue
1048 2016 1173 2090 maligui,
1183 2017 1252 2073 hinc
1263 2024 1359 2072 autem

262 2098 355 2155 multo
368 2096 561 2167 maligniores.

302 2174 407 2235 FAM.
430 2173 612 2251 Venistin’‚‹i
628 2173 715 2233 here?

302 2254 432 2315 TRYG.
455 2255 499 2313 Ut
512 2275 565 2331 ego
578 2256 673 2313 audiri
686 2275 721 2313 eu
736 2256 871 2329 quodam.

302 2335 405 2397 FAM.
426 2335 548 2403 Qualem
560 2344 692 2409 expertus
706 2354 735 2393 us
748 2333 918 2397 fortunam?

301 2415 434 2475 TRYG.
456 2415 564 2473 Doleut
577 2418 644 2473 mihi
657 2433 754 2485 crura,
768 2433 899 2491 maguum
911 2417 965 2475 iter
975 2433 1099 2483 emenso.

303 2494 404 2557 FAM.
426 2498 489 2569 Age
501 2494 549 2553 dic
562 2512 641 2553 nunc
655 2496 735 2553 mihi.

299 2573 431 2635 TRYG.
451 2574 617 2643 Quidnam?

302 2656 329 2717 F
330 2656 405 2715 ΑΜ.
429 2655 564 2775 νίξὶίιᾱιΰ
577 2656 663 2716 alium
672 2656 984 2731 quempiamhomiuem
994 2656 1024 2713 in
1037 2656 1104 2715 aiire
1117 2663 1267 2734 vagantum
1283 2680 1360 2735 pra.

260 2742 307 2797 ter
321 2740 473 2809 teipsum.

303 2816 427 2875 TRYG.
449 2816 531 2895 Nou,
546 2818 601 2877 nisi
613 2818 690 2875 forte
702 2819 774 2887 (tuas
787 2823 836 2893 aut
845 2823 902 2877 tres
911 2816 1184 2897 dithyrambicornm
1198 2826 1356 2897 poetarum

260 2900 379 2958 animm.

302 2977 407 3037 FAM.
430 2977 507 3046 Quid
521 2983 615 3037 autern
628 2974 793 3037 iaciebant?

265 3092 271 3117 r
300 3056 430 3117 TRYG.
454 3058 616 3118 Volitantos
639 3056 813 3135 colligebant
829 3061 969 3134 prooemia
991 3062 1087 3121 nescio
1108 3084 1181 3141 qua,
1195 3068 1359 3123 natantium

261 3136 293 3195 in
305 3138 373 3197 u'e're
385 3141 511 3197 rirorurr
526 3156 626 3215 nugas.

302 3217 329 3277 F
332 3218 407 3277 ΔΜ.
429 3218 499 3277 Nun
512 3238 580 3295 ergo
591 3220 658 3279 illud
669 3239 729 3279 esse
737 3239 835 3279 rerum
848 3223 878 3277 in
892 3220 959 3279 aire
968 3222 1189 3300 deprehendisti,
1200 3229 1281 3302 quud
1292 3231 1361 3286 rul.

261 3318 300 3375 go
313 3300 425 3373 dicunt,
439 3312 491 3359 nos
503 3302 598 3359 stollas
611 3301 685 3377 fieri,
699 3303 817 3376 quando
832 3304 895 3376 quis
908 3306 1036 3364 nostrin
1048 3310 1167 3367 moritur
1178 3309 1191 3367 t

302 3377 430 3439 TRYG.
452 3378 590 3441 Maxime.

301 3459 407 3519 FAM.
427 3458 600 3534 Ecquaeuam
612 3469 656 3523 est
668 3464 727 3522 illic
739 3482 817 3522 nuno
830 3462 934 3523 stella?

301 3538 431 3600 TRYG.
454 3540 509 3599 Ion
524 3541 624 3619 Chius,
640 3546 686 3618 qui
699 3546 768 3603 oliuu
782 3545 829 3603 hio
841 3544 911 3603 lecit
925 3545 1066 3606 cauticum
1079 3548 1148 3606 illud
1162 3547 1274 3623 Eoum,
1289 3556 1356 3609 tan.

262 3626 294 3681 ta
306 3638 369 3681 cum
383 3624 605 3700 approbatione,
620 3634 723 3685 uteum
743 3627 837 3683 statim
851 3644 949 3685 ornnes
962 3626 1060 3687 Eoum
1069 3630 1152 3687 sidae
1162 3633 1355 3705 appellarent.

301 3700 566 3821 FAM3Quaeuan
579 3723 649 3783 ergo
662 3713 729 3767 suut
741 3708 796 3766 iltae
811 3707 1004 3769 discurrentes
1017 3710 1118 3787 stella,
1132 3730 1198 3785 qua
1221 3714 1357 3772 ardentes

259 3784 422 3843 cursitant.

300 3862 429 3924 TRYG.
450 3862 525 3923 Sunt
536 3867 592 3925 illae
606 3868 738 3940 quadarn
749 3868 861 3927 catellis
870 3869 1017 3939 divitibus,
1029 3891 1091 3945 qua
1105 3891 1123 3929 a
1135 3890 1220 3931 coeua
1232 3875 1355 3933 redeunt

260 3944 385 4003 laternas
398 3946 546 4022 mosum,
561 3955 590 4007 et
603 3949 633 4006 in
650 3951 766 4007 laternis
779 3952 883 4024 ignen-
923 3950 979 4010 Sed
998 3955 1114 4012 adsum
1134 3957 1212 4012 odos
1226 3956 1309 4011 istan
1321 3962 1352 4011 et

164 4076 168 4084 ,
261 4024 398 4083 introduc
410 4045 483 4102 eam,
506 4035 536 4085 et
549 4030 648 4089 solium
663 4032 738 4104 elue,
748 4038 779 4089 et
799 4050 901 4104 aquam
923 4034 1060 4109 celsiaco,
1073 4043 1105 4093 et
1116 4041 1213 4093 sterne
1225 4035 1296 4093 milui
1306 4045 1351 4091 at-

262 4122 319 4179 que
331 4104 398 4163 huic
411 4108 544 4181 genialem
558 4109 662 4170 lectum
675 4130 683 4171 r
706 4113 806 4185 hisque
817 4116 938 4185 peractis
948 4116 1008 4175 redi
1016 4117 1081 4177 uuo.
1124 4114 1187 4192 Ego
1200 4123 1294 4177 autem
1307 4119 1349 4175 al.

261 4190 352 4247 teram
363 4186 470 4249 huces
483 4191 598 4253 redden
609 4190 726 4254 Senatui
736 4194 855 4255 interea.
