2875 4984
116 401 117 404 ,
223 341 263 403 to
568 329 968 400 ammonitam-ts

263 499 389 562 CHOR.
410 497 497 559 SliN.
519 495 593 574 liga,
608 505 643 557 at
655 505 769 574 aggesta
783 514 857 576 pyra
869 497 1017 556 incenium
1030 499 1094 553 taur
1107 491 1222 553 amiam
1314 522 1319 535 ·

263 581 390 642 CHOR.
412 578 515 639 MUL.
540 578 601 654 Ego
613 599 694 653 roro,
708 585 741 636 ut
753 585 832 638 tuam
845 595 949 653 pyram
962 579 1016 635 nu
1029 577 1202 652 restinguam
1214 587 1303 647 aque.

266 659 395 721 CHOR.
416 658 502 719 SEN.
524 659 571 718 Tu
586 677 680 717 meum
692 661 787 735 iguem
800 656 980 733 restinguas?
1090 693 1094 705 ι
1258 665 1266 698 ’-

266 739 395 798 CHOR.
414 737 519 798 Mun.
539 738 599 798 Res
613 741 675 814 ipsa
686 757 755 798 mox
766 737 914 796 indioebit·
1316 760 1321 776 ¹

268 817 394 878 CHOR.
415 819 503 878 SEN.
524 819 637 894 Nescis,
653 837 690 877 aa
703 820 759 877 ista
772 821 903 893 lampade
913 835 981 876 mor
995 813 1174 876 teselniam?
1315 851 1319 858 ·

269 898 393 958 CHOR.
415 898 518 958 MUL.
539 900 568 958 Si
582 901 658 957 lanto
669 902 768 958 sordes
781 900 879 970 hebes,
894 901 1028 956 balneum
1041 900 1096 958 tibi
1108 895 1257 974 prtrbabo·

271 967 394 1038 clloll.
415 979 501 1040 SEN.
523 978 571 1037 Tu
585 981 653 1038 mihi
668 982 812 1055 balneum,
828 977 982 1037 obsoleta?
1318 1018 1321 1025 ·

270 1057 396 1118 crioil.
417 1053 521 1119 MUL.
545 1059 583 1117 Et
596 1061 708 1134 quidem
722 1063 862 1134 nuptiale.

269 1137 396 1198 CHOR.
418 1139 505 1198 SEN.
528 1141 670 1198 Audistin'
683 1141 744 1216 ejus
755 1137 926 1198 audaciam?

112 1237 120 1244 ·
242 1283 245 1294 .
269 1217 396 1278 CHOR.
419 1219 523 1280 MUL.
546 1219 700 1278 Enimvero
713 1222 888 1285 liberasum.
936 1268 940 1274 .

270 1290 393 1358 CHOR.
414 1299 499 1358 SEN.
521 1299 685 1375 Reprimam
699 1288 821 1376 egotibi
834 1301 1084 1358 bunaclamotem.
1153 1371 1156 1376 Ι

269 1377 393 1438 CHOR.
416 1379 518 1440 MUL.
540 1381 594 1440 Sed
608 1399 665 1438 non
679 1372 801 1456 amplius
812 1381 903 1456 judex
915 1381 944 1438 in
959 1378 1069 1438 Helius
1079 1371 1202 1438 sedebis.
1262 1374 1271 1386 '

274 1457 401 1518 CHOR.
411 1460 510 1520 'SEN.
534 1459 659 1519 incende
673 1479 770 1520 comes
782 1461 856 1536 ejus.

270 1531 395 1598 CHOR.
418 1539 521 1599 Mun.
544 1541 619 1600 Tuae
633 1549 701 1600 sunt
715 1547 821 1616 paries,
835 1541 855 1600 b
869 1530 1010 1598 Acheloi.

267 1617 396 1678 CHOR.
417 1619 505 1679 SEN.
524 1621 577 1680 Vae
592 1622 696 1688 misero
708 1621 797 1680 milri!

270 1697 395 1758 CHOR.
418 1700 523 1760 MUL.
546 1701 625 1759 Num
638 1704 730 1760 calida
742 1699 827 1760 arati

270 1777 395 1838 CHOR.
416 1781 502 1841 SEN.
523 1779 598 1850 Quid
613 1781 728 1840 aalide?
750 1778 848 1839 nonne
858 1775 993 1836 desines?
1014 1779 1081 1851 quitl
1093 1775 1202 1849 leciri,

271 1855 397 1918 CHOR.
422 1859 526 1919 MUL.
549 1861 643 1936 irrigo
658 1869 698 1937 te,
714 1867 746 1919 ut
759 1860 938 1936 regermines.

272 1935 400 1996 CHOR.
422 1939 509 1998 SEN.
532 1942 585 2000 Sed
600 1944 694 2000 aridus
707 1944 767 2017 jam
783 1945 886 1998 sumet
900 1939 1045 1996 tremulus.
1061 1953 1071 1962 ·

271 2015 399 2080 CHOR.
420 2019 523 2081 MUL.
547 2021 660 2096 itaque,
673 2022 760 2100 quuni
773 2023 866 2096 ignem
879 2020 995 2092 habeus,
1009 2019 1130 2093 teipsum
1141 2016 1307 2093 tepelaaies,

272 2093 402 2158 PROV.
424 2101 793 2159 Satin’emicuitmulierum
803 2100 927 2172 luxuria,
938 2105 968 2155 et
976 2106 1179 2174 tympanorum
1189 2099 1325 2172 pulsano,

232 2188 262 2239 et
274 2182 433 2250 trequentes
448 2180 665 2252 fflcchafiones,
678 2188 709 2236 et
721 2183 771 2237 illa
783 2183 813 2235 in
832 2177 1030 2234 aedium'tectis
1043 2177 1159 2235 Adonin
1177 2181 1324 2235 eelebren-

231 2265 302 2318 tium
327 2259 459 2328 lamenta,
474 2276 537 2329 quae
561 2277 626 2332 ego,
643 2277 726 2331 quum
746 2277 833 2317 essem
847 2260 876 2314 in
890 2260 1039 2332 concione,
1053 2256 1211 2316 audiebam.
1262 2255 1324 2314 De-

232 2337 385 2398 mostratus
399 2335 488 2412 enirn,
502 2338 603 2412 dignus
616 2340 663 2398 ille
677 2341 772 2397 hercle
786 2340 834 2411 qui
848 2339 921 2395 maie
935 2344 1043 2412 pereat,
1058 2339 1172 2396 dicebat
1184 2339 1323 2412 navigan.
1429 2350 1430 2357 ¹

234 2424 302 2478 ilum
316 2437 376 2476 esse
389 2419 416 2474 in
432 2417 574 2475 Siciliam:
596 2421 697 2476 mulier
710 2427 804 2477 autem
820 2420 989 2492 tripudians.
1004 2419 1060 2488 irai,
1075 2419 1135 2493 iret,
1151 2416 1261 2491 Auloni,
1274 2419 1324 2473 ln·

152 2551 161 2562 .
235 2501 307 2574 quit.
349 2497 443 2556 Porro
457 2495 654 2556 Demostratus
668 2502 782 2558 dicebat
794 2501 896 2557 milites
910 2501 1002 2573 grauis
1014 2505 1165 2556 armature
1178 2516 1238 2557 esse
1251 2515 1323 2556 con-

234 2580 400 2638 scribendos
415 2598 430 2636 e
444 2577 618 2654 Zacyntho:
640 2581 740 2638 mulier
751 2587 847 2638 autem
862 2581 891 2635 in
906 2587 983 2636 tacto
997 2580 1163 2650 temulento,
1179 2577 1324 2654 Plangite

235 2659 368 2731 Adonin,
383 2660 434 2717 ait.
477 2657 588 2716 Contra
600 2662 679 2717 omni
692 2661 785 2718 studio
800 2661 959 2717 enitebatur
970 2659 1024 2716 (liis
1037 2659 1143 2719 inrisus
1157 2659 1206 2716 ille
1219 2667 1247 2717 et
1260 2677 1323 2716 sce.

235 2743 322 2798 lestus
335 2737 448 2799 Chalos
468 2756 525 2814 ges.
568 2739 594 2798 Τ
596 2743 652 2799 ales
665 2759 761 2799 earum
774 2747 842 2798 sunt
855 2743 984 2798 obscenae
1000 2741 1159 2796 cantilenae.

276 2806 400 2878 cHOit.
422 2759 511 2878 SEN.
532 2817 622 2894 Quid,
638 2822 661 2879 si
674 2824 772 2878 audias
785 2821 884 2877 herum
897 2819 1098 2877 insolentiam?
1113 2837 1177 2892 quse
1189 2825 1249 2875 tum
1261 2816 1324 2875 aliis

236 2902 412 2958 contumeliis
426 2917 478 2956 nos
491 2899 670 2973 adiecerunt,
687 2909 747 2958 tum
762 2900 956 2958 etiam'effusis
970 2902 1048 2956 urnis
1063 2919 1114 2956 nos
1126 2903 1269 2970 lavarunt,
1283 2900 1325 2956 iu

234 2987 269 3038 ut
281 2988 370 3038 restes
383 2979 467 3036 nobis
481 2981 639 3051 quatiendae
653 2981 722 3054 sint,
737 2988 870 3053 tanquam
885 2981 909 3036 si
922 2980 1161 3038 imminuissemus.
1274 3005 1279 3014 ·

275 3057 410 3130 PROV.x
419 3058 529 3117 Marito
542 3077 621 3132 sane,
635 3062 675 3118 ita
690 3081 734 3119 me
747 3059 900 3135 Neptunus
913 3067 989 3117 amet
1002 3063 1137 3118 marinus.
1179 3059 1276 3128 Quum
1292 3079 1323 3118 e·

234 3139 295 3198 nim
317 3155 369 3196 nos
392 3139 540 3214 adjutores
564 3142 646 3200 simus
668 3142 800 3213 nequitiae
823 3139 985 3212 mulierum,
1001 3159 1105 3214 easque
1119 3141 1324 3198 luxuriamdo·
1430 3184 1431 3197 ι

236 3237 360 3293 suemus,
375 3218 537 3294 hujusmodi
551 3229 707 3278 nascuntur
722 3225 758 3279 ab
773 3223 827 3280 iilis
841 3220 970 3278 consilia.
1011 3220 1070 3289 Qui
1082 3222 1150 3278 talis
1163 3222 1279 3278 dicimus
1292 3222 1324 3276 in

236 3300 355 3358 officinis
380 3299 536 3373 opiticum:
571 3301 751 3376 Oaurtfea,
772 3301 890 3374 monili,
905 3302 983 3377 quod
1001 3305 1215 3378 fabricaveram
1234 3305 1326 3357 uxori
1430 3368 1431 3373 ἵ

236 3400 318 3452 mea,
333 3381 400 3438 dum
424 3398 460 3436 ea
480 3385 598 3456 uesperi
616 3381 755 3452 saltabat,
769 3381 858 3456 glans
879 3382 986 3438 excidii
1005 3401 1041 3438 ea
1052 3382 1206 3456 foramine
1217 3403 1230 3453 ,·
1251 3382 1326 3438 milri
1430 3376 1431 3435 l

200 3477 205 3493 ⁸
236 3461 560 3537 quidemnanigondum
574 3467 618 3518 est
631 3465 662 3518 in
675 3461 880 3520 Salaminem:
900 3469 933 3518 tu
947 3468 1056 3536 autem,
1071 3466 1098 3519 si
1109 3469 1207 3534 vacat,
1221 3465 1325 3538 quovis
1430 3504 1431 3507 ,

231 3549 321 3618 pacto
332 3543 411 3598 circa
424 3557 576 3618 vesperam
590 3545 670 3615 aeni,
682 3551 711 3600 et
725 3547 754 3599 ei
763 3543 900 3618 glandem
910 3543 1035 3616 inseras.
1057 3539 1151 3599 Porro
1163 3544 1232 3600 alius
1245 3542 1325 3614 quis·

236 3622 311 3694 piam
336 3621 397 3677 llaec
410 3621 445 3676 ad
459 3629 584 3678 sutorem
599 3621 678 3696 dicit,
691 3622 837 3697 juvenem,
853 3628 883 3679 et
896 3621 942 3695 qui
958 3639 1058 3694 penem
1073 3622 1160 3679 hallei
1173 3623 1325 3695 haudque.

236 3718 319 3771 quam
335 3699 492 3774 puerilem:
512 3699 538 3757 0
553 3709 649 3776 sutor,
661 3707 767 3761 uxoris
782 3721 851 3761 meae
860 3704 947 3780 petiis
960 3702 1117 3777 [liminium
1131 3705 1245 3780 premit
1258 3718 1323 3760 aor-

237 3784 330 3855 rigia,
346 3788 449 3858 utpote
473 3781 632 3838 tenellum:
654 3784 728 3840 lianc
749 3787 847 3860 itaque
861 3792 894 3840 tu
909 3784 1033 3840 meridie
1047 3787 1179 3857 veniens,
1194 3783 1274 3854 laxa,
1286 3787 1325 3839 at

236 3860 406 3936 latiorfiot.
448 3859 532 3918 Talia
554 3879 588 3917 ex
615 3862 675 3919 istis
696 3861 810 3921 evenire
830 3865 933 3937 solent,
947 3863 1083 3935 siquidem
1104 3881 1170 3938 ego,
1185 3861 1237 3936 qui
1250 3859 1325 3919 Pro-

139 3965 144 3974 *
236 3940 313 3997 risor
335 3951 408 4014 sum,
427 3959 513 4014 quum
534 3959 622 4018 nunc,
637 3943 751 4018 scriptis
767 3945 1065 4020 remigibus,·pecunia
1084 3961 1157 4017 opus
1168 3945 1217 4016 sit,
1232 3945 1324 4017 portis

236 4022 375 4078 excludor
387 4039 405 4077 a
417 4022 591 4078 mulieribus.
633 4022 687 4081 Sed
700 4025 770 4081 nihil
786 4023 916 4099 proderit
929 4023 965 4080 ati
978 4024 1053 4080 bunc
1066 4023 1179 4080 modum
1191 4024 1321 4081 stetisset

171 4113 176 4124 ’
238 4101 435 4172 codoractes,
452 4109 483 4158 ut
496 4100 610 4158 illarum
625 4105 825 4162 contumatiam
839 4104 1001 4162 retundam.
1042 4101 1119 4170 Quid
1133 4103 1323 4178 obstupescis,

236 4178 341 4238 miseri
363 4177 408 4236 Tu
431 4180 527 4254 etism,
542 4197 600 4256 quo
615 4185 743 4259 respicis,
759 4187 810 4258 qui
822 4185 892 4242 nibil
906 4190 1014 4258 proter
1027 4201 1185 4258 cauponam
1198 4188 1322 4258 spectas,

236 4273 334 4317 nonne
347 4260 536 4318 admotu-ad
559 4269 657 4336 portas
678 4267 809 4324 vectibus
830 4281 877 4324 ees
895 4263 981 4323 istius
1001 4261 1159 4323 emollitis?
1181 4263 1250 4323 irinc
1268 4281 1324 4340 ego

235 4341 540 4400 etiamsimulrellsm.
1307 4341 1310 4345 “
