2875 4984
460 335 776 427 asna„
963 337 979 365 1
1135 335 1178 402 n

118 497 285 579 xanta.
307 497 509 560 Oreusranda
525 506 556 558 et
577 496 754 561 sancdssims
766 493 880 558 Cereris
893 493 964 576 tilia,
976 513 1064 574 quam
1076 499 1170 560 suasis

71 587 156 646 odor
169 585 294 658 porcina
308 580 402 638 carnis
416 598 461 636 roe
472 577 608 637 adliadt!
636 613 642 634 .
1057 570 1062 584 ’

120 659 270 723 BACCH.
292 659 362 720 Non
374 661 464 736 igitar
476 662 621 734 quiescere
634 659 754 736 poteris,
768 659 792 718 si
805 658 913 734 aliquid
928 659 1056 719 intestini
1068 659 1116 717 hic
1127 678 1171 718 es.

73 743 334 820 sepersentiscasi
423 741 426 746 ’

117 821 248 884 CHOR.
270 819 372 879 Eseita
385 821 527 878 flammeas
539 817 695 894 lampadas,
709 837 781 894 qnss
793 821 909 879 advenis
918 821 948 878 in
957 819 1087 881 manibus
1100 838 1173 896 qus.

71 905 166 980 aiens,
184 903 204 961 d
226 901 340 974 Iacche,
355 901 459 958 lucifer
472 906 683 958 nocturnorum
706 903 852 979 orgiorum
877 905 979 961 stella:
1002 905 1115 977 ignibus
1127 924 1172 963 rc·

73 987 165 1062 fulgit
190 987 327 1058 pratum:
348 999 424 1055 genu
449 980 571 1056 palpitat
586 998 701 1052 senum;
732 981 879 1039 excutiunt
901 975 1050 1058 moerores,
1063 987 1172 1062 longa.

74 1083 181 1140 raeque
196 1065 287 1121 atatis
300 1069 408 1121 veteres
432 1079 532 1135 annos,
546 1064 694 1120 sacrorum
719 1067 835 1118 tuorum
856 1063 1000 1121 honorum
1017 1067 1172 1140 participes

74 1155 113 1206 ut
123 1147 208 1204 fiant.
249 1141 298 1207 Tu
313 1160 393 1216 sero,
408 1143 458 1216 qui
479 1142 611 1218 lampade
626 1145 715 1210 luces,
732 1141 888 1217 procedens
902 1144 973 1202 educ
984 1142 1015 1200 in
1039 1144 1172 1206 daridum

75 1236 108 1288 et
122 1227 259 1301 palustre
273 1225 365 1281 solum
377 1222 549 1280 saltatricem
563 1225 679 1298 pubem,
695 1222 713 1278 d
729 1224 822 1281 beate.

119 1304 215 1365 SEM.
238 1295 349 1378 Lingua
369 1302 466 1360 favere
481 1310 610 1378 oportet,
626 1310 656 1360 et
670 1303 737 1362 loco
750 1305 850 1362 cedere
864 1303 959 1362 choris
979 1306 1095 1379 nostris,
1106 1309 1171 1380 qui.

78 1405 198 1460 cunque
211 1403 314 1459 expers
328 1389 370 1441 est
382 1382 485 1462 horum
499 1401 674 1455 sermonum,
684 1389 733 1440 aut
746 1389 868 1442 mentem
882 1403 942 1441 non
957 1383 1044 1445 babet
1058 1407 1172 1463 pamm,

78 1476 135 1528 aut
146 1481 345 1542 germanarum
360 1463 440 1538 orgia
454 1461 604 1523 Musarum
625 1481 678 1526 nec
694 1464 768 1522 ridit
789 1465 894 1537 adhuc,
908 1482 961 1523 nec
979 1469 1104 1541 saltavit,
1119 1479 1176 1526 nec

80 1545 199 1608 Cratini
213 1545 352 1604 taurinori
363 1541 509 1602 Bacchica
523 1545 627 1620 lingua
642 1545 784 1622 mysteriis
796 1552 841 1603 eat
852 1545 990 1619 initiatus,
1004 1553 1053 1603 aut
1066 1549 1173 1606 scurri.

77 1631 159 1688 libas
173 1626 301 1684 versibus
311 1624 468 1682 delectatur
478 1619 703 1699 intempestivum
716 1625 801 1682 risum
815 1625 1006 1696 morantibus,
1016 1632 1068 1684 aut
1081 1629 1176 1687 inimi.

80 1727 146 1766 cam
152 1706 318 1766 seditionem
330 1722 390 1761 nou
398 1706 563 1779 compescit,
577 1722 630 1762 nec
638 1703 730 1763 facilis
742 1712 786 1763 est
799 1705 907 1763 civibus
918 1724 928 1776 3
949 1707 1113 1766 'sedexcitat
1124 1727 1175 1769 eos

78 1797 111 1848 et
121 1788 291 1858 inflammat,
308 1785 418 1860 proprii
431 1785 503 1842 lucri
520 1785 661 1860 cupidus:
687 1792 740 1844 aut
752 1793 860 1844 rexatae
882 1787 1091 1846 calamitatibus
1106 1785 1175 1848 ciri.-

79 1871 151 1928 tatis
166 1885 280 1942 prasus,
294 1864 456 1923 muneribus
470 1868 687 1940 corrumpitur:
709 1874 762 1925 aut
774 1867 921 1925 castellum
934 1869 1044 1941 prodit,
1059 1875 1109 1927 aut
1123 1889 1177 1928 na.

81 1968 133 2008 ves
147 1967 157 2019 ;
180 1955 287 2005 autres
301 1947 401 2004 vetitas
414 1945 504 2003 mittit
515 1965 550 2004 ex
564 1941 680 2022 AEgina,
697 1941 867 2024 Thorycion
881 1947 965 2021 alter,
980 1948 1178 2010 vicesimarum

80 2035 205 2089 exactor
219 2027 433 2104 perditissimus,
448 2026 539 2100 coria,
554 2034 583 2082 et
591 2028 690 2098 lintea,
704 2033 734 2084 et
748 2027 839 2100 picem
857 2027 971 2086 mittens
982 2027 1175 2103 Epidaurum

81 2118 137 2168 aut
149 2109 238 2166 alicui
256 2106 419 2182 persuadet,
435 2111 468 2162 ut
481 2106 611 2162 hostibus
625 2107 774 2180 pecuniam
788 2108 837 2164 det
850 2107 1023 2166 fabricandis
1036 2110 1176 2182 nasibut;

80 2197 136 2252 aut
159 2194 298 2248 concaeat
311 2185 428 2244 Hecssae
452 2185 599 2262 imagines,
614 2187 682 2242 dum
699 2187 792 2244 choris
806 2186 1022 2263 dithyrambicis
1035 2189 1174 2248 succinitr

82 2277 137 2330 aut
147 2270 171 2328 si
183 2269 246 2342 quis
260 2269 358 2324 rhetor
372 2267 528 2326 mercedem
545 2265 694 2339 poiitarum
705 2266 831 2342 adrodit,
840 2269 908 2342 quia
922 2270 1071 2327 traductus
1084 2267 1137 2326 istit
1147 2270 1177 2327 in

80 2349 188 2428 patriis
203 2347 309 2406 Bacchi
322 2345 420 2404 sacris.
463 2344 540 2404 Istis'
552 2347 646 2418 edico,
661 2348 764 2406 iterum
784 2348 944 2422 iterumque
953 2351 1047 2423 edico,
1062 2356 1096 2406 ut
1112 2352 1179 2408 loco

80 2431 190 2490 cedant
203 2429 327 2506 mysticis
340 2426 445 2486 eboris.
487 2423 550 2485 Vos
563 2446 632 2486 vero
641 2429 764 2487 excitate
774 2435 902 2505 cantum,
917 2434 945 2488 et
954 2427 1102 2506 pervigilia
1112 2450 1179 2490 nos·

79 2520 140 2586 tra,
156 2511 223 2569 huie
235 2510 311 2568 festo
323 2506 531 2566 convenientia.

123 2589 215 2650 SEM.
237 2587 365 2648 Procede
386 2605 464 2645 nunc
475 2589 594 2661 quisque
604 2592 719 2647 strenue
730 2587 760 2644 in
772 2589 890 2647 floridos
903 2589 981 2648 sinus
992 2588 1178 2650 Iniernornm

82 2669 433 2748 pratorum,tripudians,
455 2668 559 2726 salibus
583 2674 613 2725 et
635 2668 760 2728 dicteriis
782 2669 934 2742 sannisqne
955 2672 1063 2730 ludens.
1105 2671 1180 2731 Satis

81 2753 160 2810 enim
175 2754 204 2811 in
220 2750 386 2826 peragendis
401 2747 445 2806 bis
458 2749 545 2806 sacris
559 2748 671 2806 emicuit
685 2749 810 2806 studium
829 2757 969 2807 nostrum.
1011 2751 1064 2808 Sed
1080 2751 1180 2809 incede

83 2838 116 2890 et
129 2833 203 2905 ride,
218 2839 250 2890 ut
262 2829 448 2888 Se'rvatricsm
458 2827 550 2887 divam
565 2830 676 2904 egregie
699 2831 831 2897 extollas,
844 2847 915 2887 soce
938 2847 999 2886 eam
1021 2830 1179 2903 celebrans,

82 2931 152 2986 quas
167 2913 307 2988 regionem
322 2929 352 2970 se
372 2915 604 2968 conservaturam
619 2909 775 2984 profitetur
797 2926 920 2990 semper,
934 2910 1042 2968 etiamsi
1062 2907 1180 2986 Thory.

82 2995 151 3052 cion
166 2995 248 3053 nolit.
960 2994 966 3002 ⁴

123 3073 215 3132 SEM.
238 3072 301 3148 Aga
315 3069 461 3146 nuncyalio
474 3088 578 3145 genere
590 3071 762 3146 hymnorum
783 3069 950 3145 ¹irugil'eram
971 3070 1110 3148 reginam,
1125 3068 1181 3129 Ce-

84 3173 178 3212 rerem
193 3155 285 3226 deam,
298 3159 442 3225 ornantes,
454 3150 556 3208 divinis
570 3151 702 3210 cantibus
717 3151 867 3208 celebrate.
982 3173 986 3179 ·

126 3233 219 3292 SEM.
241 3231 339 3309 Cares,
351 3249 491 3306 purorum
505 3232 657 3310 ⁶orgioram
672 3233 782 3307 regina,
804 3232 871 3288 ades
886 3232 980 3305 nobis,
995 3237 1025 3291 et
1045 3249 1183 3291 conserta

83 3321 168 3380 tuum
183 3317 300 3373 chorum
311 3332 320 3383 ;
342 3313 436 3385 daque
450 3318 483 3370 ut
496 3330 551 3386 ego
574 3318 640 3371 tuto
663 3313 742 3370 omni
764 3318 893 3385 tempore
905 3312 1006 3370 ludera
1028 3323 1058 3370 et
1078 3315 1183 3370 saltare

88 3397 209 3470 possim,
224 3396 369 3465 multaque
382 3393 498 3450 ridicula
510 3393 617 3466 dicere,
632 3399 661 3450 ct
671 3395 762 3450 multe
782 3394 875 3463 seria;
897 3401 927 3450 et
945 3394 1062 3465 quando
1083 3394 1182 3453 condi-

84 3495 144 3554 gne
156 3484 209 3534 tuo
221 3465 296 3534 testo
309 3475 423 3535 luserim
437 3480 467 3530 et
480 3473 599 3547 riserim,
616 3478 650 3530 ut
662 3474 756 3531 victor
770 3490 903 3530 coroner.

128 3553 221 3616 SEM.
244 3553 297 3613 Eia
312 3573 373 3629 age,
386 3552 562 3610 nuncetiam
587 3554 715 3622 cantibus
728 3554 786 3612 buc
801 3571 872 3612 soca
885 3554 1018 3612 festivum
1040 3555 1120 3613 iilum
1133 3552 1183 3611 de·
1249 3561 1253 3568 “

88 3654 150 3704 um,
165 3637 290 3694 sodalem
303 3634 391 3709 hujus
404 3633 526 3692 choreae.

129 3713 221 3777 SEM.
244 3714 349 3774 Iacche
363 3720 470 3786 sancte,
486 3715 618 3772 carminis
641 3715 697 3773 hoc
713 3715 787 3774 lesio
804 3715 916 3774 cantari
929 3716 1005 3773 soliti
1027 3719 1185 3776 suavissimi

86 3791 234 3870 inventor,
248 3795 304 3854 huc
317 3795 393 3868 ades,
408 3801 438 3852 et
451 3811 503 3851 nos
512 3795 648 3852 comitare
662 3796 697 3851 ad
720 3795 813 3870 deam,
827 3804 857 3853 ct
870 3798 988 3855 ostende
1011 3814 1094 3867 quam
1117 3799 1183 3857 lon.

85 3897 151 3954 gam
162 3878 236 3934 riam
248 3878 308 3934 sine
321 3877 420 3933 labore
432 3873 574 3932 conficias.

130 3955 222 4016 SEM.
245 3955 349 4016 Iacche
362 3957 520 4013 saltationis
543 3971 652 4028 amans,
666 3970 841 4027 prosequere
853 3971 920 4012 mee
953 3960 984 4012 tu
1005 3957 1080 4013 enim
1100 3959 1185 4018 disci.

88 4037 157 4112 disti
170 4039 206 4096 ad
220 4039 304 4095 risum
318 4054 404 4109 usque
418 4041 447 4092 et
457 4037 493 4093 ad
508 4035 644 4092 vilitatem
658 4035 713 4094 hoe
726 4035 883 4093 sandalium
898 4040 927 4094 et
939 4035 1009 4094 istos
1023 4055 1144 4116 pannos,
1156 4047 1186 4098 et

86 4118 117 4176 id
133 4119 314 4194 excogitasti,
332 4125 364 4174 ut
377 4112 495 4190 impune
508 4115 607 4182 ludere
621 4121 649 4172 et
659 4117 764 4172 saltare
777 4116 861 4172 nobis
874 4115 969 4175 liceat.

129 4195 219 4257 SEM.
243 4197 348 4257 Iacche
375 4195 535 4254 saltationis
562 4212 857 4274 amans„prosequere
880 4213 935 4254 me.
977 4193 1090 4273 Etenim
1111 4198 1184 4256 limis

89 4279 270 4356 adspectans,
289 4279 389 4352 puella
404 4277 490 4334 modo
505 4275 574 4368 vidi,
589 4273 747 4349 etquidem
762 4275 914 4334 admodum
933 4274 1080 4354 formosae,
1094 4279 1184 4336 colla.
