2875 4984
515 384 701 449 VESPAE.
751 405 773 461 ᾗ
1083 395 1143 451 219

53 535 187 612 Quippe
201 543 368 599 amatorert
386 538 513 617 Heliae,
528 548 560 600 ut
582 562 668 603 nemo
688 543 782 602 alius:
804 543 961 618 iniecitque
983 543 1066 620 hujus
1088 546 1142 623 rei,

49 618 215 691 judicandi
227 622 355 696 inquam,
367 623 512 695 cupidine,
525 632 555 679 et
565 628 662 701 gemit,
677 626 701 681 si
714 644 774 683 uon
797 626 827 681 in
850 628 942 699 primo
960 626 1142 701 sedeetjndi-

54 715 125 754 cum
138 702 291 759 subsellio.
333 701 431 759 Noctu
444 710 537 760 autem
550 706 641 763 somni
656 724 693 763 ne
707 704 850 763 tantillum
863 707 976 781 quidem
998 706 1094 764 ridet:
1117 708 1141 763 si

53 795 131 834 vero
146 784 310 854 pauxillum
322 784 475 843 connivere
488 784 587 858 coepit,
610 792 703 843 tamen
726 790 814 843 noctu
836 787 919 843 etiem
942 804 1019 843 mens
1043 786 1143 843 volitat

53 857 117 915 illic
132 862 215 919 cirea
228 863 415 938 clepsydram.
446 862 485 921 Et
496 867 631 935 qnoniam
644 866 818 923 assuefactus
828 872 872 923 est
883 868 1021 923 calculum
1031 871 1152 941 tenere,⁴

54 940 158 997 tribus
174 944 339 1015 compressis
353 945 445 1017 digitis
458 946 672 1019 expergefactus
685 947 786 1020 surgit,
799 947 877 1017 quasi
899 946 964 1003 thus
982 948 1142 1021 imponeret

55 1035 173 1077 aoerrae
186 1024 347 1081 novilunio.
387 1023 427 1081 Et
439 1027 588 1100 mehercle,
602 1028 625 1082 si
637 1026 740 1083 alieubi
754 1027 846 1083 rideat
866 1026 1032 1100 inscriptum
1055 1029 1085 1083 in
1096 1028 1143 1100 ja·

55 1117 133 1172 nna,
153 1100 260 1159 Bellus
272 1101 383 1160 Demus
397 1102 580 1181 Pyrilompir
586 1106 684 1181 filius,
699 1108 760 1179 ipse
772 1106 814 1163 ire
827 1108 910 1179 solet,
926 1113 956 1163 et
968 1106 1054 1180 juxte
1071 1109 1142 1164 reri.

57 1179 155 1237 bere:
181 1180 284 1253 Bellus
309 1180 415 1243 Comus
437 1183 634 1244 dedicioriur.
686 1185 803 1243 Gallum
829 1192 924 1244 autem
944 1186 1142 1261 gallinaceum,

57 1261 109 1330 qui
126 1261 272 1320 cecinerat
285 1268 404 1337 vesperi,
418 1266 500 1338 diris,
513 1284 543 1324 se
563 1268 687 1325 excitare
709 1268 799 1341 tarde,
815 1267 879 1339 qnia
898 1263 1052 1341 corruptus
1071 1277 1145 1329 esset

57 1357 76 1393 a
90 1342 151 1398 reis
167 1352 296 1415 argento.
336 1344 435 1401 Statim
450 1356 543 1403 antem
556 1365 575 1404 a
587 1364 668 1405 coena
681 1366 746 1405 cum
760 1348 883 1405 clamore
896 1350 990 1419 poseit
1005 1348 1142 1407 ¹calceoer

58 1421 234 1478 deindeubi
252 1423 321 1479 ilirie
343 1432 411 1482 aute
432 1426 586 1484 diluculum
608 1430 695 1497 venit,
714 1429 820 1485 dormit
842 1426 961 1485 adnixus
984 1436 1014 1484 et
1035 1428 1144 1487 harene

59 1504 222 1575 columne,
235 1505 324 1561 instar
338 1506 464 1563 concha.
493 1506 557 1564 Pro
569 1508 718 1565 severitate
731 1512 825 1565 autem
834 1508 924 1565 ducta
937 1508 1067 1569 omnibus
1077 1509 1142 1569 leus

58 1601 97 1654 ga
111 1584 205 1651 linea,
219 1591 352 1656 tanquam
366 1589 427 1659 apis
441 1593 492 1643 aut
505 1589 665 1661 bombylius
688 1588 801 1645 domum
823 1588 979 1663 ingreditur
1003 1604 1064 1649 cnm
1087 1605 1143 1644 nu.

60 1663 171 1735 gnibns
183 1683 248 1721 cera
260 1666 380 1723 tublitis.
422 1664 461 1722 itt
473 1668 540 1738 qnia
553 1668 632 1723 timet
644 1676 680 1725 ue
701 1668 850 1739 aliquando
871 1679 933 1724 eum
954 1668 1054 1726 calculi
1076 1666 1144 1731 defi-

61 1746 158 1818 ciant,
181 1744 249 1801 litus
266 1745 352 1803 babet
372 1755 549 1821 renovatque
568 1764 679 1821 semper
700 1748 790 1821 domi,
804 1755 837 1806 ut
856 1748 979 1807 lerendae
999 1749 1143 1808 sententia

61 1825 181 1897 copiam
194 1826 307 1883 babeat.
349 1824 398 1884 Ita
409 1836 530 1885 estuat:
553 1830 640 1903 magis
658 1837 750 1887 autem
773 1830 908 1900 monitus,
927 1846 1036 1901 semper
1057 1830 1146 1902 magis

59 1905 199 1977 judicare
211 1907 310 1964 studet.
336 1954 339 1960 .
352 1906 440 1968 Hunc
451 1910 549 1983 itaque
567 1910 741 1966 custodimus
753 1908 885 1967 obductis
896 1910 1035 1967 inclusum
1050 1926 1146 1981 pessu-

62 1987 110 2057 lis,
125 2004 167 2042 ne
178 1993 271 2043 exeat.
314 1985 404 2043 Filius
424 1991 497 2045 euim
511 1988 572 2064 ejus
585 1989 717 2045 morbum
727 1988 850 2063 graviter
863 1990 930 2047 lert.
972 1987 1010 2049 Et
1023 1991 1144 2061 primum

63 2068 183 2136 quidem
196 2066 279 2125 dietis
300 2068 412 2126 lenibus
430 2070 581 2127 adlocutus
592 2070 682 2125 suasit
693 2070 731 2141 ei,
746 2085 781 2127 ne
793 2074 915 2143 gestaret
928 2068 1053 2143 pallium,
1068 2084 1146 2125 'nere

62 2149 162 2204 exiret
169 2148 246 2204 foras
259 2166 268 2204 r
290 2154 321 2203 at
333 2149 382 2206 ille
393 2166 501 2207 morem
515 2168 574 2207 non
591 2150 684 2222 gessit.
726 2146 837 2209 Deinde
848 2148 929 2207 illum
942 2150 1020 2221 levit,
1035 2153 1064 2204 et
1078 2165 1146 2220 pur.

63 2231 157 2301 gavit,
171 2230 239 2298 quin
247 2227 441 2302 etiampoatea
453 2228 647 2307 Corybantum
660 2228 747 2287 sacris
762 2230 831 2303 pieri
844 2231 954 2287 curarit
965 2246 973 2283 r
995 2229 1042 2289 ille
1052 2234 1145 2286 autem

64 2314 236 2383 tympduum
262 2316 359 2367 tenear
381 2312 505 2384 exsiluit,
519 2310 733 2384 etjudierturns
754 2308 783 2367 iu
803 2310 896 2371 rerum
918 2309 1022 2369 irruit„
1052 2306 1147 2374 Quum

64 2397 164 2446 autem
181 2390 243 2445 istis
261 2390 348 2448 initiis
371 2392 397 2447 ei
416 2392 486 2449 nibil
499 2391 665 2465 profuisset,
680 2390 710 2449 iu
728 2386 862 2464 AEgiuam
884 2390 1038 2464 narigarit,
1051 2387 1148 2461 ibique
1223 2420 1227 2436 ι

64 2471 238 2543 prehensum
259 2478 347 2529 noctu
363 2471 392 2527 in
413 2469 652 2546 AEscnlapiiiano
665 2472 798 2530 incubare
820 2468 907 2529 lecit:
928 2470 1019 2531 atille
1040 2472 1163 2527 summo'

66 2568 156 2608 mane
172 2550 309 2624 apperuit
329 2553 406 2625 apud
420 2553 570 2609 caucellos.
612 2551 725 2614 Exinde
745 2570 806 2610 non
830 2551 1056 2623 ampliusdorno
1068 2551 1148 2608 exire

66 2649 134 2687 eum
157 2632 290 2687 risimusr
311 2632 361 2688 ille
373 2641 441 2690 sero
453 2634 619 2691 elabebatur
641 2649 693 2705 per
713 2632 824 2688 cloacas
846 2636 876 2687 et
900 2630 1061 2687 foramina:
1094 2648 1147 2687 nos

67 2721 179 2784 autem,
203 2728 383 2785 quemcunque
402 2720 485 2774 eraut
510 2712 668 2786 perforata,
691 2711 880 2789 obturarimur
893 2710 1044 2783 panniset
1064 2710 1147 2766 obse.

67 2794 213 2866 pivimus:
234 2793 283 2849 ille
308 2810 377 2849 sero
401 2792 523 2866 paxillos
544 2790 681 2867 infigebat
701 2790 813 2865 parieti,
826 2791 940 2863 quibus,
954 2794 986 2845 nt
1003 2790 1147 2863 graculus,

67 2873 194 2940 innixus,
207 2873 384 2931 emibebatr‘
400 2880 454 2931 uos
477 2872 587 2933 densum
608 2866 702 2929 totum
725 2872 825 2929 atrium
838 2864 1018 2928 circumcirca
1041 2869 1148 2926 retibus

69 2956 255 3027 obduximus,
269 2955 457 3026 illumqueric
479 2954 666 3009 adservamus.
707 2950 760 3009 Est
773 2958 865 3009 autem
880 2968 983 3008 nomeu
1003 2949 1063 3006 seui
1080 2946 1161 3005 Pur--

69 3037 176 3103 melea,
190 3053 251 3108 qno
264 3052 332 3093 sane
343 3034 445 3108 dignus
458 3041 512 3105 est,
533 3035 576 3091 ite
596 3052 641 3091 me
662 3031 781 3105 Jupiter
792 3038 886 3091 anetr
906 3030 965 3088 tilio
978 3035 1071 3089 autem
1082 3029 1148 3105 ejus

69 3115 239 3193 Bdelycleo,
253 3117 362 3186 qnippe
374 3116 424 3186 qui
436 3131 527 3171 mores
540 3114 644 3174 babeat
654 3110 990 3191 ceperolrentiperrieoe.

111 3194 232 3255 Bbeb.
255 3194 284 3252 0
299 3193 428 3255 Xanthia
437 3201 470 3252 'et
480 3193 575 3268 Sosia,
589 3191 776 3268 dormitisnei

110 3273 273 3335 XANTH.
296 3274 350 3333 Hei
363 3273 451 3333 milri!

111 3354 191 3413 SOS.
216 3354 291 3422 Quid
305 3353 372 3413 esti

113 3434 272 3493 XAN'l'll.
297 3434 451 3511 Bdelycleo
463 3436 564 3510 surgit.

113 3512 609 3589 Bnn1,.N0smtcmret,veseem
633 3515 706 3579 ulter
727 3514 784 3571 buc
807 3510 910 3571 omns?
932 3527 997 3569 nam
1020 3516 1102 3585 peter
1118 3510 1151 3569 in

73 3597 196 3655 culinam
209 3598 412 3671 estingressus,
427 3598 603 3669 rimaturque
624 3594 741 3667 aliquid,
755 3599 889 3666 tauquam
907 3608 970 3649 mus
987 3592 1018 3653 in
1029 3608 1153 3649 ,caterua
1196 3594 1198 3601 ’

71 3676 263 3735 delitescens:
285 3677 333 3734 sed
346 3682 452 3750 specta,
465 3694 501 3733 ne
513 3694 565 3750 per
577 3676 706 3745 foramen
726 3675 799 3737 aluei
818 3671 968 3732 elabatur:
1004 3679 1037 3736 tu
1059 3677 1151 3729 antem

70 3758 324 3833 januaeincnmbe.

116 3836 194 3897 SOS.
217 3835 284 3896 lice
295 3856 361 3912 ego,
377 3836 453 3895 bere.
964 3864 973 3897 ς

116 3915 236 3977 BDEL.
256 3916 285 3977 O
307 3917 373 3975 Rex
393 3914 548 3991 Neptune!
570 3915 640 3990 qnid
660 3921 716 3993 est,
730 3916 807 3989 quod
828 3915 980 3977 iomanem
995 3912 1036 3972 ita
1048 3908 1153 3980 renati

72 3996 337 4071 Eho‚quisestn?
792 4054 794 4061 ,
911 4030 917 4061 .·

117 4076 223 4136 PHlL.
245 4078 350 4136 Femur
364 4078 491 4153 equidem
504 4094 587 4137 exeo.
990 4130 994 4139 .

117 4157 234 4217 BDEL.
258 4157 578 4235 Fumariageridesm
592 4156 765 4233 cnjusllssni·
822 4168 827 4177 “
931 4168 960 4177 ’“

116 4236 222 4313 Pele.
244 4237 385 4300 Ficulnei.
514 4270 517 4274 ·
