2875 4984
374 371 794 440 nccunsrnzusn.
1078 379 1159 463 ιιιι

91 526 162 594 AN.
177 528 207 594 Ι.
228 529 340 594 Ostium
351 536 447 594 tamen
461 536 605 611 pnltebm.

94 615 161 674 AD.
183 615 315 674 Emoriar
330 614 428 692 igitur

90 696 162 755 AN.
178 695 206 756 Ι.
228 697 382 773 CnJusnam
396 716 472 757 vero
479 715 521 755 rer
513 695 661 772 redigens
674 696 733 753 hue
749 693 1028 757 renisticumlace?

89 779 160 836 AD.
184 780 406 856 Anaphlystium
419 778 561 836 hominem
574 778 723 851 quemdam
737 795 879 850 querens.

86 859 159 917 AN.
176 858 204 918 1.
225 859 405 928 Quemnam?

87 938 158 998 AD.
181 939 241 1008 Qui
256 948 285 999 te
297 942 386 1014 ipsam
399 940 551 1015 subagitet,
567 947 650 1014 quem
664 940 741 998 torte
755 940 840 998 etiem
854 943 1012 1014 exspectas.

87 1021 160 1080 AN.
175 1021 204 1081 Ι.
228 1019 277 1080 Ita
288 1040 367 1097 sane,
383 1040 435 1098 per
447 1018 600 1093 Venerem,
614 1023 683 1078 relis
698 1021 783 1080 nolis.

88 1103 157 1160 AD.
180 1103 223 1159 At
236 1121 299 1176 quae
312 1121 401 1177 supra
413 1103 560 1175 sexaginta
569 1110 743 1178 unnossunt,
754 1123 801 1162 eas
811 1119 885 1162 nnnc
894 1120 953 1160 non
964 1100 1135 1169 inducimun

53 1185 97 1239 md
111 1185 139 1240 in
154 1183 234 1241 aliud
249 1183 390 1259 rejicimus
404 1190 458 1242 tem
462 1200 514 1256 pus
527 1202 535 1239 ι
560 1185 667 1259 quippe
681 1203 738 1254 ees,
752 1203 816 1258 qure
830 1183 909 1240 iutra
930 1184 1032 1258 viginti
1044 1201 1135 1240 annor

52 1271 126 1336 sunt,
138 1264 312 1338 judicamus.

90 1345 162 1402 AN.
179 1342 205 1403 1.
217 1345 280 1403 Ista
291 1345 401 1419 quidem
414 1346 443 1401 in
458 1343 548 1418 priori
560 1343 727 1418 reipublice
741 1352 817 1406 elatu
840 1346 1021 1418 obtinebant,
1037 1343 1056 1402 d
1070 1345 1134 1400 dul.

53 1425 181 1496 cissime3
210 1444 288 1484 nnue
300 1432 396 1483 cutem
409 1426 472 1500 lege
484 1427 629 1482 decretum
643 1434 687 1485 est
699 1430 743 1486 nti
755 1445 809 1486 noa
823 1429 943 1502 primum
956 1425 1134 1483 inducamur.

89 1505 157 1565 AD.
181 1506 212 1564 A
236 1509 350 1565 volente
373 1506 495 1578 quidem,
506 1504 592 1580 juxta
611 1508 699 1582 legem
722 1511 953 1567 latrunculorum
966 1507 1036 1564 ludo
1059 1525 1137 1581 prae·

51 1587 196 1659 scriptam.

89 1666 170 1724 AN.
179 1667 206 1725 Ι.
221 1668 265 1724 ΑΙ
277 1668 351 1726 enim
365 1684 423 1724 non
436 1641 529 1725 enonas
540 1666 625 1742 juxta
637 1669 726 1744 legem
734 1670 965 1728 latrunculorum
976 1667 1048 1725 ludo
1058 1685 1133 1744 pra·

50 1748 196 1821 scriptam.

85 1829 155 1887 AD.
179 1827 288 1887 chio
299 1829 369 1902 qnid
383 1829 469 1886 dicam
512 1827 583 1888 Here
597 1829 665 1888 milri
680 1832 818 1904 pultando
829 1836 882 1888 est.

88 1910 161 1968 AN.
178 1909 204 1969 Ι.
225 1908 324 1978 Quum
337 1911 469 1968 videlicet
480 1911 564 1998 prius
570 1930 659 1969 meam
675 1912 853 1986 pultareris'
839 1929 969 1986 Januam.

88 1991 155 2049 AD.
178 1989 232 2049 Sed
246 2009 322 2048 nune
336 1987 518 2066 pollinerium
532 1969 657 2049 cribrum
669 2011 728 2051 uon
742 1997 874 2068 petimus.

89 2071 159 2132 AN.
178 2071 224 2131 ΙΙ
239 2071 304 2131 Scio
317 2091 371 2147 ego
385 2093 430 2130 me
442 2073 492 2129 ebs
507 2077 536 2128 te
549 2075 656 2129 amari.
678 2093 755 2132 nunc
766 2082 860 2133 entem
874 2076 982 2148 stupes,
998 2070 1075 2145 quod
1088 2087 1133 2128 me

52 2153 118 2212 loris
133 2154 285 2228 reperisti:
307 2172 404 2212 rerum
418 2154 539 2212 Ιάιιιοιο
550 2154 619 2210 mihi
633 2170 674 2210 os.
881 2151 890 2182 r

88 2235 158 2296 AD.
182 2237 227 2293 At
238 2235 323 2308 euim,
340 2233 490 2306 dmisellu,
503 2241 659 2292 amatorem
674 2241 757 2292 tuum
770 2232 907 2291 formido.

84 2316 157 2376 AN.
175 2315 217 2373 ΙΙ.
239 2313 420 2385 Quemnam?

85 2398 154 2456 AD.
179 2394 325 2455 Pictorem
337 2398 417 2454 illum
430 2397 617 2454 scitissimum.

87 2477 158 2537 AN.
176 2475 221 2537 11.
242 2477 295 2536 Ille
307 2482 402 2536 eutem
415 2479 544 2552 quisnam
562 2474 628 2535 est?

88 2559 158 2618 AD.
182 2558 242 2627 Qui
255 2559 373 2618 mortuis
386 2561 524 2632 ampullas
547 2559 658 2634 pingit:
681 2556 868 2630 quamobrem
881 2555 930 2613 abi
947 2554 1039 2632 intro,
1055 2571 1092 2613 ne
1105 2557 1134 2613 te

51 2661 100 2717 pro
112 2641 228 2700 foribus
241 2642 433 2716 conspicetur.

85 2723 156 2782 AN.
176 2720 218 2779 11
241 2720 497 2798 Noviquidrelis.

86 2803 157 2862 AD.
183 2801 296 2861 Etenim
310 2804 406 2861 hercle
419 2820 472 2876 ege
486 2817 516 2859 te
527 2817 642 2873 qnoque
655 2798 734 2857 nori.

85 2885 157 2943 AN.
173 2881 216 2942 II.
229 2883 272 2942 At
288 2880 427 2944 Venerem
443 2883 583 2957 obtestor,
594 2881 640 2938 cui
653 2887 732 2938 sorte
744 2875 847 2952 obtigi
858 2875 936 2961 hand
950 2881 980 2936 te
992 2875 1131 2936 amittam.

85 2967 155 3026 AD.
182 2963 303 3036 Delirus,
317 2965 336 3026 d
350 2966 474 3022 anicula.

86 3047 160 3106 AN.
179 3044 224 3104 11.
246 3046 372 3146 Nugatur
386 3052 434 3103 tu
456 3063 510 3119 ego
523 3042 683 3100 enimtead
698 3043 802 3098 lectum
815 3057 909 3098 meum
922 3038 1037 3098 dueum

21 3159 22 3162 ¹
87 3128 157 3187 AD.
181 3124 270 3202 Quid,
284 3111 393 3201 queso,
409 3144 482 3200 opus
496 3126 628 3182 situneos
638 3120 1020 3193 extrahendiscedisemere,
1033 3137 1130 3196 quum,

50 3209 249 3286 hujuscemodi
261 3209 386 3266 vetulam
399 3207 586 3279 demittendo,
606 3206 718 3261 licente
733 3204 825 3278 puteis
839 3203 926 3260 endor
938 3200 1083 3260 educere?

86 3289 162 3349 AN.
177 3287 219 3349 ΙΙ.
242 3285 290 3348 Ne
303 3291 442 3346 cavilleris
456 3305 510 3360 me,
527 3287 546 3344 ὃ
562 3284 665 3357 miser3
687 3285 735 3342 sed
747 3284 805 3341 hue
816 3284 930 3342 domurn
943 3301 1071 3356 sequere.
1160 3358 1162 3361 .

86 3371 156 3430 AD.
181 3371 224 3428 At
236 3371 311 3428 enim
323 3371 391 3428 mihi
400 3387 514 3429 necesse
525 3385 585 3426 non
598 3373 653 3442 est,
666 3363 721 3422 nisi
735 3365 983 3440 quingentesimam
992 3381 1133 3421 annornm

51 3457 165 3511 tuorum
180 3451 346 3526 reipublicae
359 3452 478 3509 soluisti.

87 3533 161 3592 AN.
177 3529 221 3590 11.
236 3530 293 3592 Per
306 3530 449 3592 Venerem
461 3529 642 3588 nulnlomrnus
656 3529 838 3602 obsequere.
856 3544 922 3584 nem
933 3482 1051 3584 mirifice
1062 3542 1132 3598 gau·
1212 3551 1231 3578 «-

50 3613 113 3688 deo,
129 3613 183 3671 ubi
197 3631 259 3670 cum
274 3615 332 3672 tuis
345 3614 502 3688 equalibus
515 3613 637 3668 dormio.

87 3658 158 3754 AD.
181 3691 245 3770 Ego
257 3713 327 3753 vero
339 3693 458 3753 mirifice
471 3710 586 3769 gravor,
599 3691 741 3764 siquando
756 3707 817 3747 cnm
831 3689 886 3745 tuis
894 3687 1051 3761 aequalibus
1060 3683 1130 3742 mihi

49 3775 246 3835 dormiendum
260 3776 315 3834 sit·
306 3795 427 3850 ‚neque
439 3776 476 3834 ad
489 3775 517 3831 id
530 3773 691 3832 laciendum
705 3787 831 3846 unquam
843 3770 948 3828 adduci
961 3775 1075 3842 potero.

86 3857 161 3916 AN.
177 3855 219 3918 ΙΙ.
240 3856 306 3932 Sed,
321 3875 374 3933 per
388 3855 503 3931 Jorem,
517 3855 573 3913 hoe
587 3860 616 3912 te
630 3859 723 3932 coget
804 3893 806 3898 -

85 3940 155 3998 AD.
177 3938 363 4014 Hocautem,
378 3934 525 4013 quidest?

88 4019 164 4081 AN.
179 4018 225 4078 ΙΙ.
247 3980 414 4095 Decretum,
426 4019 513 4094 juxta
526 4016 602 4090 quod
616 4016 667 4074 tibi
681 4015 717 4074 ad
730 4032 775 4071 me
787 3971 957 4072 veniendum
970 4014 1023 4068 est

87 4101 160 4163 AD.
179 4099 306 4160 Recita
299 4119 403 4178 ipsum,
417 4100 562 4174 quodnam
576 4098 690 4156 tandem
699 4106 753 4154 est.

90 4184 163 4242 AN.
178 4181 221 4242 11.
237 4181 281 4241 En
294 4183 346 4242 tibi
362 4183 473 4243 recitor
489 4177 678 4243 Ceueueraut
688 4175 875 4246 mulceres,
846 4192 872 4231 er
885 4173 1063 4248 olrjooem'r
1072 4188 1131 4248 po·

51 4265 138 4324 ellam
163 4265 284 4332 habere
293 4267 406 4345 cupiat,
419 4281 484 4322 eom
506 4280 566 4322 non
587 4267 656 4318 onte
680 4261 869 4334 sudagltore,
884 4274 969 4332 quom
985 4253 1131 4312 calculum

49 4351 135 4424 prius
146 4345 363 4422 permulceret.
384 4347 432 4406 ra'rr
444 4341 520 4404 ιιοΙΙΙ
530 4342 603 4402 donc
611 4342 701 4420 prcus
707 4337 889 4418 permolere,
905 4344 938 4397 ct
955 4331 1133 4434 caperatju·

130 4443 202 4486 ron.
225 4444 268 4488 rr.
407 4463 409 4469 -
591 4438 611 4478 r
