<?xml version="1.0" encoding="UTF-8"?>
<!DOCTYPE html PUBLIC "-//W3C//DTD XHTML 1.0 Transitional//EN"
    "http://www.w3.org/TR/xhtml1/DTD/xhtml1-transitional.dtd">
<html xmlns="http://www.w3.org/1999/xhtml" xml:lang="en" lang="en">
 <head>
  <title>
</title>
<meta http-equiv="Content-Type" content="text/html;charset=utf-8" />
  <meta name='ocr-system' content='tesseract 3.04.00' />
  <meta name='ocr-capabilities' content='ocr_page ocr_carea ocr_par ocr_line ocrx_word'/>
</head>
<body>
  <div class='ocr_page' id='page_1' title='image "aristophaniscom00brungoog_0262.png"; bbox 0 0 2875 4984; ppageno 0'>
   <div class='ocr_carea' id='block_1_1' title="bbox 286 338 1047 408">
    <p class='ocr_par' dir='ltr' id='par_1_1' title="bbox 286 338 1047 408">
     <span class='ocr_line' id='line_1_1' title="bbox 286 338 1047 408; baseline -0.004 -3"><span class='ocrx_word' id='word_1_1' title='bbox 286 344 353 408; x_wconf 74' lang='lat'><strong>2⁵4</strong></span> <span class='ocrx_word' id='word_1_2' title='bbox 655 338 1047 403; x_wconf 78' lang='lat' dir='ltr'><strong>AlliSTOPHANIS</strong></span> 
     </span>
    </p>
   </div>
   <div class='ocr_carea' id='block_1_2' title="bbox 243 497 1416 4029">
    <p class='ocr_par' dir='ltr' id='par_1_2' title="bbox 296 497 1413 981">
     <span class='ocr_line' id='line_1_2' title="bbox 336 497 1393 597; baseline -0.005 -35"><span class='ocrx_word' id='word_1_3' title='bbox 336 501 438 563; x_wconf 83' lang='lat' dir='ltr'><strong>DEM.</strong></span> <span class='ocrx_word' id='word_1_4' title='bbox 459 503 503 561; x_wconf 77' lang='lat' dir='ltr'><strong>nt</strong></span> <span class='ocrx_word' id='word_1_5' title='bbox 524 503 591 561; x_wconf 83' lang='lat' dir='ltr'><strong>sunt</strong></span> <span class='ocrx_word' id='word_1_6' title='bbox 610 500 729 597; x_wconf 75' lang='lat' dir='ltr'><strong>Equites</strong></span> <span class='ocrx_word' id='word_1_7' title='bbox 753 501 839 576; x_wconf 88' lang='lat' dir='ltr'><strong>mille,</strong></span> <span class='ocrx_word' id='word_1_8' title='bbox 865 500 919 559; x_wconf 89' lang='lat' dir='ltr'><strong>riri</strong></span> <span class='ocrx_word' id='word_1_9' title='bbox 941 500 1024 575; x_wconf 90' lang='lat' dir='ltr'><strong>boni,</strong></span> <span class='ocrx_word' id='word_1_10' title='bbox 1041 500 1089 572; x_wconf 89' lang='lat' dir='ltr'><strong>qui</strong></span> <span class='ocrx_word' id='word_1_11' title='bbox 1111 497 1234 557; x_wconf 89' lang='lat' dir='ltr'><strong>oderunt</strong></span> <span class='ocrx_word' id='word_1_12' title='bbox 1258 505 1351 573; x_wconf 72' lang='lat' dir='ltr'><strong>bum,</strong></span> <span class='ocrx_word' id='word_1_13' title='bbox 1363 503 1393 557; x_wconf 85' lang='lat' dir='ltr'><strong>et</strong></span> 
     </span>
     <span class='ocr_line' id='line_1_3' title="bbox 296 581 1394 678; baseline -0.009 -33"><span class='ocrx_word' id='word_1_14' title='bbox 296 604 383 661; x_wconf 81' lang='lat' dir='ltr'><strong>opem</strong></span> <span class='ocrx_word' id='word_1_15' title='bbox 396 584 489 643; x_wconf 82' lang='lat' dir='ltr'><strong>serent</strong></span> <span class='ocrx_word' id='word_1_16' title='bbox 493 585 566 678; x_wconf 88' lang='lat' dir='ltr'><strong>tibi,</strong></span> <span class='ocrx_word' id='word_1_17' title='bbox 580 588 610 639; x_wconf 92' lang='lat' dir='ltr'><strong>et</strong></span> <span class='ocrx_word' id='word_1_18' title='bbox 624 585 724 640; x_wconf 80' lang='lat' dir='ltr'><strong>civium</strong></span> <span class='ocrx_word' id='word_1_19' title='bbox 738 589 880 655; x_wconf 82' lang='lat' dir='ltr'><strong>quotquot</strong></span> <span class='ocrx_word' id='word_1_20' title='bbox 890 583 958 639; x_wconf 91' lang='lat' dir='ltr'><strong>boni</strong></span> <span class='ocrx_word' id='word_1_21' title='bbox 972 586 1081 638; x_wconf 86' lang='lat' dir='ltr'><strong>suntet</strong></span> <span class='ocrx_word' id='word_1_22' title='bbox 1096 581 1192 655; x_wconf 91' lang='lat' dir='ltr'><strong>probi,</strong></span> <span class='ocrx_word' id='word_1_23' title='bbox 1207 584 1290 637; x_wconf 85' lang='lat' dir='ltr'><strong>etex</strong></span> <span class='ocrx_word' id='word_1_24' title='bbox 1304 596 1394 652; x_wconf 82' lang='lat' dir='ltr'><strong>spec·</strong></span> 
     </span>
     <span class='ocr_line' id='line_1_4' title="bbox 298 659 1392 759; baseline -0.007 -36"><span class='ocrx_word' id='word_1_25' title='bbox 298 666 442 724; x_wconf 81' lang='lat' dir='ltr'><strong>tatoribus</strong></span> <span class='ocrx_word' id='word_1_26' title='bbox 456 665 578 737; x_wconf 90' lang='lat' dir='ltr'><strong>quisquis</strong></span> <span class='ocrx_word' id='word_1_27' title='bbox 586 670 630 721; x_wconf 80' lang='lat' dir='ltr'><strong>est</strong></span> <span class='ocrx_word' id='word_1_28' title='bbox 620 665 782 759; x_wconf 73' lang='lat' dir='ltr'><strong>cordatus,</strong></span> <span class='ocrx_word' id='word_1_29' title='bbox 792 670 821 719; x_wconf 89' lang='lat' dir='ltr'><strong>et</strong></span> <span class='ocrx_word' id='word_1_30' title='bbox 829 682 881 739; x_wconf 87' lang='lat' dir='ltr'><strong>ego</strong></span> <span class='ocrx_word' id='word_1_31' title='bbox 894 680 956 719; x_wconf 90' lang='lat' dir='ltr'><strong>curn</strong></span> <span class='ocrx_word' id='word_1_32' title='bbox 971 663 1050 735; x_wconf 82' lang='lat' dir='ltr'><strong>ipsis,</strong></span> <span class='ocrx_word' id='word_1_33' title='bbox 1061 659 1392 735; x_wconf 83' lang='lat' dir='ltr'><strong>eritqueadjutordeus.</strong></span> 
     </span>
     <span class='ocr_line' id='line_1_5' title="bbox 297 743 1413 818; baseline -0.008 -14"><span class='ocrx_word' id='word_1_34' title='bbox 297 746 340 804; x_wconf 89' lang='lat' dir='ltr'><strong>Et</strong></span> <span class='ocrx_word' id='word_1_35' title='bbox 353 764 421 803; x_wconf 85' lang='lat' dir='ltr'><strong>cave</strong></span> <span class='ocrx_word' id='word_1_36' title='bbox 434 744 551 803; x_wconf 81' lang='lat' dir='ltr'><strong>tumeas</strong></span> <span class='ocrx_word' id='word_1_37' title='bbox 574 743 660 818; x_wconf 90' lang='lat' dir='ltr'><strong>ipsius</strong></span> <span class='ocrx_word' id='word_1_38' title='bbox 680 764 755 802; x_wconf 83' lang='lat' dir='ltr'><strong>enim</strong></span> <span class='ocrx_word' id='word_1_39' title='bbox 770 762 829 799; x_wconf 90' lang='lat' dir='ltr'><strong>nou</strong></span> <span class='ocrx_word' id='word_1_40' title='bbox 850 744 958 801; x_wconf 88' lang='lat' dir='ltr'><strong>ridebis</strong></span> <span class='ocrx_word' id='word_1_41' title='bbox 978 744 1107 813; x_wconf 91' lang='lat' dir='ltr'><strong>vultum;</strong></span> <span class='ocrx_word' id='word_1_42' title='bbox 1137 759 1201 798; x_wconf 84' lang='lat' dir='ltr'><strong>nam</strong></span> <span class='ocrx_word' id='word_1_43' title='bbox 1230 758 1413 816; x_wconf 62' lang='lat' dir='ltr'><strong>perronam</strong></span> 
     </span>
     <span class='ocr_line' id='line_1_6' title="bbox 296 821 1392 900; baseline -0.005 -18"><span class='ocrx_word' id='word_1_44' title='bbox 296 826 440 900; x_wconf 84' lang='lat' dir='ltr'><strong>effingere,</strong></span> <span class='ocrx_word' id='word_1_45' title='bbox 455 844 516 899; x_wconf 84' lang='lat' dir='ltr'><strong>qnae</strong></span> <span class='ocrx_word' id='word_1_46' title='bbox 530 842 594 881; x_wconf 86' lang='lat' dir='ltr'><strong>eum</strong></span> <span class='ocrx_word' id='word_1_47' title='bbox 610 825 739 895; x_wconf 82' lang='lat' dir='ltr'><strong>referret,</strong></span> <span class='ocrx_word' id='word_1_48' title='bbox 753 826 845 881; x_wconf 87' lang='lat' dir='ltr'><strong>nullus</strong></span> <span class='ocrx_word' id='word_1_49' title='bbox 860 840 919 897; x_wconf 78' lang='lat' dir='ltr'><strong>prae</strong></span> <span class='ocrx_word' id='word_1_50' title='bbox 937 829 1014 879; x_wconf 88' lang='lat' dir='ltr'><strong>metu</strong></span> <span class='ocrx_word' id='word_1_51' title='bbox 1027 824 1117 880; x_wconf 82' lang='lat' dir='ltr'><strong>voluit</strong></span> <span class='ocrx_word' id='word_1_52' title='bbox 1137 821 1251 879; x_wconf 83' lang='lat' dir='ltr'><strong>artilex.</strong></span> <span class='ocrx_word' id='word_1_53' title='bbox 1297 824 1392 879; x_wconf 82' lang='lat' dir='ltr'><strong>Atta.</strong></span> 
     </span>
     <span class='ocr_line' id='line_1_7' title="bbox 296 904 1115 981; baseline -0.006 -17"><span class='ocrx_word' id='word_1_54' title='bbox 296 924 362 964; x_wconf 85' lang='lat' dir='ltr'><strong>men</strong></span> <span class='ocrx_word' id='word_1_55' title='bbox 376 908 462 979; x_wconf 86' lang='lat' dir='ltr'><strong>plane</strong></span> <span class='ocrx_word' id='word_1_56' title='bbox 473 912 679 981; x_wconf 76' lang='lat' dir='ltr'><strong>cognoscetur:</strong></span> <span class='ocrx_word' id='word_1_57' title='bbox 703 924 767 961; x_wconf 85' lang='lat' dir='ltr'><strong>nam</strong></span> <span class='ocrx_word' id='word_1_58' title='bbox 779 908 954 980; x_wconf 74' lang='lat' dir='ltr'><strong>spectatores</strong></span> <span class='ocrx_word' id='word_1_59' title='bbox 966 904 1028 959; x_wconf 83' lang='lat' dir='ltr'><strong>sciti</strong></span> <span class='ocrx_word' id='word_1_60' title='bbox 1041 910 1115 961; x_wconf 87' lang='lat' dir='ltr'><strong>sunt.</strong></span> 
     </span>
    </p>

    <p class='ocr_par' dir='ltr' id='par_1_3' title="bbox 338 984 1048 1059">
     <span class='ocr_line' id='line_1_8' title="bbox 338 984 1048 1059; baseline -0.007 -14"><span class='ocrx_word' id='word_1_61' title='bbox 338 985 370 1045; x_wconf 94' lang='lat' dir='ltr'><strong>N</strong></span> <span class='ocrx_word' id='word_1_62' title='bbox 373 984 425 1042; x_wconf 88' lang='lat' dir='ltr'><strong>lc.</strong></span> <span class='ocrx_word' id='word_1_63' title='bbox 446 985 500 1045; x_wconf 84' lang='lat' dir='ltr'><strong>Vae</strong></span> <span class='ocrx_word' id='word_1_64' title='bbox 514 986 617 1043; x_wconf 83' lang='lat' dir='ltr'><strong>misero</strong></span> <span class='ocrx_word' id='word_1_65' title='bbox 630 986 716 1042; x_wconf 88' lang='lat' dir='ltr'><strong>mihi!</strong></span> <span class='ocrx_word' id='word_1_66' title='bbox 739 984 884 1059; x_wconf 81' lang='lat' dir='ltr'><strong>Paphlago</strong></span> <span class='ocrx_word' id='word_1_67' title='bbox 897 984 1048 1057; x_wconf 87' lang='lat' dir='ltr'><strong>egreditur.</strong></span> 
     </span>
    </p>

    <p class='ocr_par' dir='ltr' id='par_1_4' title="bbox 297 1062 1391 1379">
     <span class='ocr_line' id='line_1_9' title="bbox 338 1062 1390 1140; baseline -0.006 -15"><span class='ocrx_word' id='word_1_68' title='bbox 338 1064 461 1125; x_wconf 75' lang='lat' dir='ltr'><strong>etilo.</strong></span> <span class='ocrx_word' id='word_1_69' title='bbox 480 1066 534 1124; x_wconf 75' lang='lat' dir='ltr'><strong>Nae</strong></span> <span class='ocrx_word' id='word_1_70' title='bbox 549 1067 621 1123; x_wconf 88' lang='lat' dir='ltr'><strong>haud</strong></span> <span class='ocrx_word' id='word_1_71' title='bbox 637 1068 767 1140; x_wconf 83' lang='lat' dir='ltr'><strong>impune,</strong></span> <span class='ocrx_word' id='word_1_72' title='bbox 777 1066 817 1122; x_wconf 86' lang='lat' dir='ltr'><strong>ita</strong></span> <span class='ocrx_word' id='word_1_73' title='bbox 831 1084 874 1121; x_wconf 87' lang='lat' dir='ltr'><strong>ma</strong></span> <span class='ocrx_word' id='word_1_74' title='bbox 887 1066 1026 1120; x_wconf 85' lang='lat' dir='ltr'><strong>amabunt</strong></span> <span class='ocrx_word' id='word_1_75' title='bbox 1040 1064 1196 1122; x_wconf 86' lang='lat' dir='ltr'><strong>Consentes</strong></span> <span class='ocrx_word' id='word_1_76' title='bbox 1208 1064 1259 1137; x_wconf 91' lang='lat' dir='ltr'><strong>dii,</strong></span> <span class='ocrx_word' id='word_1_77' title='bbox 1275 1062 1390 1134; x_wconf 80' lang='lat' dir='ltr'><strong>feretis,</strong></span> 
     </span>
     <span class='ocr_line' id='line_1_10' title="bbox 298 1142 1391 1221; baseline -0.005 -18"><span class='ocrx_word' id='word_1_78' title='bbox 298 1148 375 1221; x_wconf 90' lang='lat' dir='ltr'><strong>quod</strong></span> <span class='ocrx_word' id='word_1_79' title='bbox 389 1148 417 1204; x_wconf 90' lang='lat' dir='ltr'><strong>in</strong></span> <span class='ocrx_word' id='word_1_80' title='bbox 426 1148 628 1219; x_wconf 83' lang='lat' dir='ltr'><strong>rempublicam</strong></span> <span class='ocrx_word' id='word_1_81' title='bbox 639 1147 810 1220; x_wconf 82' lang='lat' dir='ltr'><strong>conjurastis</strong></span> <span class='ocrx_word' id='word_1_82' title='bbox 819 1146 935 1202; x_wconf 92' lang='lat' dir='ltr'><strong>dudum.</strong></span> <span class='ocrx_word' id='word_1_83' title='bbox 959 1142 1234 1202; x_wconf 87' lang='lat' dir='ltr'><strong>IstucChalcidicum</strong></span> <span class='ocrx_word' id='word_1_84' title='bbox 1242 1145 1391 1217; x_wconf 86' lang='lat' dir='ltr'><strong>poculum</strong></span> 
     </span>
     <span class='ocr_line' id='line_1_11' title="bbox 297 1222 1391 1301; baseline -0.004 -18"><span class='ocrx_word' id='word_1_85' title='bbox 297 1228 526 1301; x_wconf 83' lang='lat' dir='ltr'><strong>qnidvultsibi?</strong></span> <span class='ocrx_word' id='word_1_86' title='bbox 548 1245 608 1283; x_wconf 89' lang='lat' dir='ltr'><strong>uon</strong></span> <span class='ocrx_word' id='word_1_87' title='bbox 629 1226 808 1301; x_wconf 81' lang='lat' dir='ltr'><strong>potestderi,</strong></span> <span class='ocrx_word' id='word_1_88' title='bbox 824 1228 892 1298; x_wconf 89' lang='lat' dir='ltr'><strong>quin</strong></span> <span class='ocrx_word' id='word_1_89' title='bbox 916 1222 1110 1283; x_wconf 83' lang='lat' dir='ltr'><strong>Chalcidenses</strong></span> <span class='ocrx_word' id='word_1_90' title='bbox 1134 1227 1170 1281; x_wconf 87' lang='lat' dir='ltr'><strong>ad</strong></span> <span class='ocrx_word' id='word_1_91' title='bbox 1192 1226 1391 1283; x_wconf 86' lang='lat' dir='ltr'><strong>delectionem</strong></span> 
     </span>
     <span class='ocr_line' id='line_1_12' title="bbox 298 1304 1198 1379; baseline -0.002 -14"><span class='ocrx_word' id='word_1_92' title='bbox 298 1308 466 1367; x_wconf 86' lang='lat' dir='ltr'><strong>sollicitetis.</strong></span> <span class='ocrx_word' id='word_1_93' title='bbox 508 1304 651 1375; x_wconf 64' lang='lat' dir='ltr'><strong>Permitte,</strong></span> <span class='ocrx_word' id='word_1_94' title='bbox 664 1306 833 1379; x_wconf 81' lang='lat' dir='ltr'><strong>moriemini,</strong></span> <span class='ocrx_word' id='word_1_95' title='bbox 847 1304 1121 1363; x_wconf 82' lang='lat' dir='ltr'><strong>sceleratissimorum</strong></span> <span class='ocrx_word' id='word_1_96' title='bbox 1136 1324 1198 1379; x_wconf 86' lang='lat' dir='ltr'><strong>par.</strong></span> 
     </span>
    </p>

    <p class='ocr_par' dir='ltr' id='par_1_5' title="bbox 297 1384 1415 1863">
     <span class='ocr_line' id='line_1_13' title="bbox 339 1384 1390 1462; baseline -0.004 -17"><span class='ocrx_word' id='word_1_97' title='bbox 339 1386 441 1445; x_wconf 84' lang='lat' dir='ltr'><strong>DEM.</strong></span> <span class='ocrx_word' id='word_1_98' title='bbox 462 1384 526 1443; x_wconf 84' lang='lat' dir='ltr'><strong>Eho</strong></span> <span class='ocrx_word' id='word_1_99' title='bbox 539 1394 583 1462; x_wconf 88' lang='lat' dir='ltr'><strong>tu,</strong></span> <span class='ocrx_word' id='word_1_100' title='bbox 599 1388 665 1462; x_wconf 81' lang='lat' dir='ltr'><strong>quid</strong></span> <span class='ocrx_word' id='word_1_101' title='bbox 678 1386 775 1462; x_wconf 79' lang='lat' dir='ltr'><strong>logis?</strong></span> <span class='ocrx_word' id='word_1_102' title='bbox 797 1404 855 1445; x_wconf 90' lang='lat' dir='ltr'><strong>non</strong></span> <span class='ocrx_word' id='word_1_103' title='bbox 866 1386 1005 1458; x_wconf 84' lang='lat' dir='ltr'><strong>manebis,</strong></span> <span class='ocrx_word' id='word_1_104' title='bbox 1021 1386 1039 1443; x_wconf 84' lang='lat' dir='ltr'><strong>d</strong></span> <span class='ocrx_word' id='word_1_105' title='bbox 1053 1390 1164 1461; x_wconf 85' lang='lat' dir='ltr'><strong>egregie</strong></span> <span class='ocrx_word' id='word_1_106' title='bbox 1182 1385 1325 1443; x_wconf 81' lang='lat' dir='ltr'><strong>isicisrie?</strong></span> <span class='ocrx_word' id='word_1_107' title='bbox 1350 1402 1390 1441; x_wconf 88' lang='lat' dir='ltr'><strong>ne</strong></span> 
     </span>
     <span class='ocr_line' id='line_1_14' title="bbox 297 1465 1387 1543; baseline -0.003 -17"><span class='ocrx_word' id='word_1_108' title='bbox 297 1468 404 1543; x_wconf 85' lang='lat' dir='ltr'><strong>prodas</strong></span> <span class='ocrx_word' id='word_1_109' title='bbox 428 1467 583 1541; x_wconf 88' lang='lat' dir='ltr'><strong>negotium.</strong></span> <span class='ocrx_word' id='word_1_110' title='bbox 628 1466 690 1526; x_wconf 86' lang='lat' dir='ltr'><strong>Viri</strong></span> <span class='ocrx_word' id='word_1_111' title='bbox 713 1468 843 1541; x_wconf 86' lang='lat' dir='ltr'><strong>Equites,</strong></span> <span class='ocrx_word' id='word_1_112' title='bbox 864 1468 969 1535; x_wconf 87' lang='lat' dir='ltr'><strong>adeste,</strong></span> <span class='ocrx_word' id='word_1_113' title='bbox 985 1472 1096 1541; x_wconf 90' lang='lat' dir='ltr'><strong>tempus</strong></span> <span class='ocrx_word' id='word_1_114' title='bbox 1110 1479 1162 1523; x_wconf 88' lang='lat' dir='ltr'><strong>est.</strong></span> <span class='ocrx_word' id='word_1_115' title='bbox 1204 1465 1233 1525; x_wconf 95' lang='lat'>0</span> <span class='ocrx_word' id='word_1_116' title='bbox 1255 1465 1387 1539; x_wconf 56' lang='lat' dir='ltr'><strong>simae</strong></span> 
     </span>
     <span class='ocr_line' id='line_1_15' title="bbox 298 1545 1386 1623; baseline -0.005 -15"><span class='ocrx_word' id='word_1_117' title='bbox 298 1546 421 1623; x_wconf 78' lang='lat' dir='ltr'><strong>Panaeti,</strong></span> <span class='ocrx_word' id='word_1_118' title='bbox 435 1566 531 1605; x_wconf 87' lang='lat' dir='ltr'><strong>noune</strong></span> <span class='ocrx_word' id='word_1_119' title='bbox 543 1549 630 1623; x_wconf 89' lang='lat' dir='ltr'><strong>agetis</strong></span> <span class='ocrx_word' id='word_1_120' title='bbox 644 1566 731 1621; x_wconf 92' lang='lat' dir='ltr'><strong>equos</strong></span> <span class='ocrx_word' id='word_1_121' title='bbox 745 1549 779 1605; x_wconf 90' lang='lat' dir='ltr'><strong>ad</strong></span> <span class='ocrx_word' id='word_1_122' title='bbox 793 1548 923 1605; x_wconf 85' lang='lat' dir='ltr'><strong>dextrum</strong></span> <span class='ocrx_word' id='word_1_123' title='bbox 941 1564 1031 1601; x_wconf 89' lang='lat' dir='ltr'><strong>cornu</strong></span> <span class='ocrx_word' id='word_1_124' title='bbox 1044 1545 1056 1604; x_wconf 83' lang='lat' dir='ltr'><strong>i</strong></span> <span class='ocrx_word' id='word_1_125' title='bbox 1078 1547 1175 1621; x_wconf 87' lang='lat' dir='ltr'><strong>Prope</strong></span> <span class='ocrx_word' id='word_1_126' title='bbox 1188 1548 1294 1603; x_wconf 84' lang='grc' dir='ltr'>ιιιιιιιιι</span> <span class='ocrx_word' id='word_1_127' title='bbox 1307 1547 1386 1603; x_wconf 83' lang='lat' dir='ltr'><strong>viri:</strong></span> 
     </span>
     <span class='ocr_line' id='line_1_16' title="bbox 298 1624 1415 1702; baseline -0.006 -14"><span class='ocrx_word' id='word_1_128' title='bbox 298 1632 348 1688; x_wconf 87' lang='lat' dir='ltr'><strong>sed</strong></span> <span class='ocrx_word' id='word_1_129' title='bbox 362 1631 460 1686; x_wconf 89' lang='lat' dir='ltr'><strong>resiste</strong></span> <span class='ocrx_word' id='word_1_130' title='bbox 472 1636 505 1686; x_wconf 89' lang='lat' dir='ltr'><strong>tu</strong></span> <span class='ocrx_word' id='word_1_131' title='bbox 518 1647 644 1702; x_wconf 85' lang='lat' dir='ltr'><strong>quoque,</strong></span> <span class='ocrx_word' id='word_1_132' title='bbox 660 1639 689 1686; x_wconf 90' lang='lat' dir='ltr'><strong>et</strong></span> <span class='ocrx_word' id='word_1_133' title='bbox 703 1635 843 1685; x_wconf 89' lang='lat' dir='ltr'><strong>revertere</strong></span> <span class='ocrx_word' id='word_1_134' title='bbox 857 1645 948 1684; x_wconf 88' lang='lat' dir='ltr'><strong>rursus</strong></span> <span class='ocrx_word' id='word_1_135' title='bbox 962 1646 969 1681; x_wconf 81' lang='grc' dir='ltr'><strong>ι</strong></span> <span class='ocrx_word' id='word_1_136' title='bbox 993 1635 1114 1700; x_wconf 82' lang='lat' dir='ltr'><strong>apparet</strong></span> <span class='ocrx_word' id='word_1_137' title='bbox 1127 1628 1219 1701; x_wconf 89' lang='lat' dir='ltr'><strong>pulvis</strong></span> <span class='ocrx_word' id='word_1_138' title='bbox 1233 1644 1318 1699; x_wconf 87' lang='lat' dir='ltr'><strong>quem</strong></span> <span class='ocrx_word' id='word_1_139' title='bbox 1333 1643 1389 1683; x_wconf 87' lang='lat' dir='ltr'><strong>ex·</strong></span> <span class='ocrx_word' id='word_1_140' title='bbox 1414 1624 1415 1637; x_wconf 64' lang='lat'>³</span> 
     </span>
     <span class='ocr_line' id='line_1_17' title="bbox 299 1706 1386 1785; baseline -0.003 -18"><span class='ocrx_word' id='word_1_141' title='bbox 299 1711 399 1780; x_wconf 86' lang='lat' dir='ltr'><strong>citant,</strong></span> <span class='ocrx_word' id='word_1_142' title='bbox 414 1711 488 1765; x_wconf 87' lang='lat' dir='ltr'><strong>unde</strong></span> <span class='ocrx_word' id='word_1_143' title='bbox 500 1726 656 1783; x_wconf 86' lang='lat' dir='ltr'><strong>cognoscas</strong></span> <span class='ocrx_word' id='word_1_144' title='bbox 675 1728 725 1767; x_wconf 89' lang='lat' dir='ltr'><strong>eos</strong></span> <span class='ocrx_word' id='word_1_145' title='bbox 739 1711 858 1783; x_wconf 85' lang='lat' dir='ltr'><strong>propius</strong></span> <span class='ocrx_word' id='word_1_146' title='bbox 871 1706 1027 1765; x_wconf 88' lang='lat' dir='ltr'><strong>imminere.</strong></span> <span class='ocrx_word' id='word_1_147' title='bbox 1070 1707 1138 1766; x_wconf 88' lang='lat' dir='ltr'><strong>Sed</strong></span> <span class='ocrx_word' id='word_1_148' title='bbox 1146 1708 1278 1785; x_wconf 84' lang='lat' dir='ltr'><strong>deiende,</strong></span> <span class='ocrx_word' id='word_1_149' title='bbox 1296 1708 1386 1785; x_wconf 86' lang='lat' dir='ltr'><strong>pelle,</strong></span> 
     </span>
     <span class='ocr_line' id='line_1_18' title="bbox 297 1789 656 1863; baseline -0.009 -16"><span class='ocrx_word' id='word_1_150' title='bbox 297 1791 349 1847; x_wconf 90' lang='lat' dir='ltr'><strong>et</strong></span> <span class='ocrx_word' id='word_1_151' title='bbox 340 1808 370 1845; x_wconf 90' lang='grc' dir='ltr'><strong>ιιι</strong></span> <span class='ocrx_word' id='word_1_152' title='bbox 383 1789 480 1863; x_wconf 75' lang='lat' dir='ltr'><strong>lugam</strong></span> <span class='ocrx_word' id='word_1_153' title='bbox 494 1806 555 1844; x_wconf 88' lang='lat' dir='ltr'><strong>eum</strong></span> <span class='ocrx_word' id='word_1_154' title='bbox 569 1794 656 1845; x_wconf 89' lang='lat' dir='ltr'><strong>verte.</strong></span> 
     </span>
    </p>

    <p class='ocr_par' dir='ltr' id='par_1_6' title="bbox 297 1836 1416 2427">
     <span class='ocr_line' id='line_1_19' title="bbox 299 1836 1387 1949; baseline -0.003 -22.888"><span class='ocrx_word' id='word_1_155' title='bbox 299 1866 463 1926; x_wconf 85' lang='lat' dir='ltr'><strong>CHOR.</strong></span> <span class='ocrx_word' id='word_1_156' title='bbox 484 1868 581 1942; x_wconf 75' lang='lat' dir='ltr'><strong>Caede,</strong></span> <span class='ocrx_word' id='word_1_157' title='bbox 596 1870 674 1927; x_wconf 83' lang='lat' dir='ltr'><strong>caede</strong></span> <span class='ocrx_word' id='word_1_158' title='bbox 690 1872 889 1949; x_wconf 79' lang='lat' dir='ltr'><strong>veteratorem,</strong></span> <span class='ocrx_word' id='word_1_159' title='bbox 901 1874 931 1925; x_wconf 90' lang='lat' dir='ltr'><strong>et</strong></span> <span class='ocrx_word' id='word_1_160' title='bbox 956 1870 1185 1942; x_wconf 82' lang='lat' dir='ltr'><strong>perturbatorem</strong></span> <span class='ocrx_word' id='word_1_161' title='bbox 1207 1836 1387 1942; x_wconf 88' lang='lat' dir='ltr'><strong>equestrium</strong></span> 
     </span>
     <span class='ocr_line' id='line_1_20' title="bbox 298 1950 1385 2027; baseline -0.004 -19"><span class='ocrx_word' id='word_1_162' title='bbox 298 1956 469 2022; x_wconf 86' lang='lat' dir='ltr'><strong>turmarum,</strong></span> <span class='ocrx_word' id='word_1_163' title='bbox 482 1956 513 2006; x_wconf 94' lang='lat' dir='ltr'><strong>et</strong></span> <span class='ocrx_word' id='word_1_164' title='bbox 527 1950 721 2023; x_wconf 81' lang='lat' dir='ltr'><strong>publicanum</strong></span> <span class='ocrx_word' id='word_1_165' title='bbox 736 1954 765 2004; x_wconf 90' lang='lat' dir='ltr'><strong>et</strong></span> <span class='ocrx_word' id='word_1_166' title='bbox 778 1950 908 2025; x_wconf 84' lang='lat' dir='ltr'><strong>abyssum</strong></span> <span class='ocrx_word' id='word_1_167' title='bbox 928 1950 1054 2019; x_wconf 76' lang='lat' dir='ltr'><strong>malitiae,</strong></span> <span class='ocrx_word' id='word_1_168' title='bbox 1069 1954 1099 2005; x_wconf 91' lang='lat' dir='ltr'><strong>et</strong></span> <span class='ocrx_word' id='word_1_169' title='bbox 1113 1952 1250 2027; x_wconf 83' lang='lat' dir='ltr'><strong>gurgitem</strong></span> <span class='ocrx_word' id='word_1_170' title='bbox 1264 1966 1385 2023; x_wconf 82' lang='lat' dir='ltr'><strong>rapina</strong></span> 
     </span>
     <span class='ocr_line' id='line_1_21' title="bbox 297 1991 1416 2105; baseline -0.005 -15"><span class='ocrx_word' id='word_1_171' title='bbox 297 2050 374 2105; x_wconf 89' lang='lat' dir='ltr'><strong>rum,</strong></span> <span class='ocrx_word' id='word_1_172' title='bbox 389 2036 419 2088; x_wconf 88' lang='lat' dir='ltr'><strong>et</strong></span> <span class='ocrx_word' id='word_1_173' title='bbox 440 2035 642 2103; x_wconf 77' lang='lat' dir='ltr'><strong>veteratorem,</strong></span> <span class='ocrx_word' id='word_1_174' title='bbox 657 2036 687 2085; x_wconf 90' lang='lat' dir='ltr'><strong>et</strong></span> <span class='ocrx_word' id='word_1_175' title='bbox 710 2035 917 2085; x_wconf 76' lang='lat' dir='ltr'><strong>veteratorem.</strong></span> <span class='ocrx_word' id='word_1_176' title='bbox 943 1991 1097 2086; x_wconf 88' lang='lat' dir='ltr'><strong>identidem</strong></span> <span class='ocrx_word' id='word_1_177' title='bbox 1109 2032 1180 2087; x_wconf 87' lang='lat' dir='ltr'><strong>euim</strong></span> <span class='ocrx_word' id='word_1_178' title='bbox 1194 2031 1250 2087; x_wconf 91' lang='lat' dir='ltr'><strong>hoc</strong></span> <span class='ocrx_word' id='word_1_179' title='bbox 1263 2031 1383 2100; x_wconf 83' lang='lat' dir='ltr'><strong>dicam3</strong></span> <span class='ocrx_word' id='word_1_180' title='bbox 1415 2052 1416 2059; x_wconf 50' lang='lat'>¹</span> 
     </span>
     <span class='ocr_line' id='line_1_22' title="bbox 297 2109 1385 2206; baseline -0.004 -37"><span class='ocrx_word' id='word_1_181' title='bbox 297 2130 422 2185; x_wconf 86' lang='lat' dir='ltr'><strong>namque</strong></span> <span class='ocrx_word' id='word_1_182' title='bbox 444 2113 617 2169; x_wconf 81' lang='lat' dir='ltr'><strong>veteratorie</strong></span> <span class='ocrx_word' id='word_1_183' title='bbox 637 2112 685 2167; x_wconf 91' lang='lat' dir='ltr'><strong>ille</strong></span> <span class='ocrx_word' id='word_1_184' title='bbox 708 2111 771 2183; x_wconf 84' lang='lat' dir='ltr'><strong>plus</strong></span> <span class='ocrx_word' id='word_1_185' title='bbox 795 2112 879 2166; x_wconf 89' lang='lat' dir='ltr'><strong>semel</strong></span> <span class='ocrx_word' id='word_1_186' title='bbox 892 2109 1008 2184; x_wconf 83' lang='lat' dir='ltr'><strong>singulis</strong></span> <span class='ocrx_word' id='word_1_187' title='bbox 1019 2110 1117 2167; x_wconf 90' lang='lat' dir='ltr'><strong>diebus</strong></span> <span class='ocrx_word' id='word_1_188' title='bbox 1138 2110 1206 2206; x_wconf 65' lang='lat' dir='ltr'><strong>agit.</strong></span> <span class='ocrx_word' id='word_1_189' title='bbox 1249 2109 1306 2167; x_wconf 90' lang='lat' dir='ltr'><strong>Sed</strong></span> <span class='ocrx_word' id='word_1_190' title='bbox 1319 2128 1385 2166; x_wconf 86' lang='lat' dir='ltr'><strong>ver·</strong></span> 
     </span>
     <span class='ocr_line' id='line_1_23' title="bbox 298 2190 1384 2265; baseline -0.005 -16"><span class='ocrx_word' id='word_1_191' title='bbox 298 2194 377 2261; x_wconf 86' lang='lat' dir='ltr'><strong>bera,</strong></span> <span class='ocrx_word' id='word_1_192' title='bbox 389 2193 474 2265; x_wconf 86' lang='lat' dir='ltr'><strong>pelle,</strong></span> <span class='ocrx_word' id='word_1_193' title='bbox 489 2191 636 2265; x_wconf 89' lang='lat' dir='ltr'><strong>perturba,</strong></span> <span class='ocrx_word' id='word_1_194' title='bbox 650 2208 713 2261; x_wconf 85' lang='lat' dir='ltr'><strong>ega,</strong></span> <span class='ocrx_word' id='word_1_195' title='bbox 731 2206 790 2261; x_wconf 87' lang='lat' dir='ltr'><strong>rue,</strong></span> <span class='ocrx_word' id='word_1_196' title='bbox 805 2196 835 2246; x_wconf 88' lang='lat' dir='ltr'><strong>et</strong></span> <span class='ocrx_word' id='word_1_197' title='bbox 855 2208 1000 2246; x_wconf 85' lang='lat' dir='ltr'><strong>exsecrare</strong></span> <span class='ocrx_word' id='word_1_198' title='bbox 1022 2208 1098 2263; x_wconf 85' lang='lat' dir='ltr'><strong>eum,</strong></span> <span class='ocrx_word' id='word_1_199' title='bbox 1114 2190 1156 2246; x_wconf 91' lang='lat' dir='ltr'><strong>uti</strong></span> <span class='ocrx_word' id='word_1_200' title='bbox 1174 2208 1227 2248; x_wconf 91' lang='lat' dir='ltr'><strong>nos</strong></span> <span class='ocrx_word' id='word_1_201' title='bbox 1248 2190 1384 2262; x_wconf 79' lang='lat' dir='ltr'><strong>tacimus,</strong></span> 
     </span>
     <span class='ocr_line' id='line_1_24' title="bbox 298 2266 1381 2345; baseline -0.001 -16"><span class='ocrx_word' id='word_1_202' title='bbox 298 2274 382 2345; x_wconf 90' lang='lat' dir='ltr'><strong>eique</strong></span> <span class='ocrx_word' id='word_1_203' title='bbox 393 2272 500 2327; x_wconf 87' lang='lat' dir='ltr'><strong>instans</strong></span> <span class='ocrx_word' id='word_1_204' title='bbox 515 2273 614 2326; x_wconf 83' lang='lat' dir='ltr'><strong>clama.</strong></span> <span class='ocrx_word' id='word_1_205' title='bbox 656 2266 733 2324; x_wconf 84' lang='lat' dir='ltr'><strong>Cave</strong></span> <span class='ocrx_word' id='word_1_206' title='bbox 744 2278 837 2325; x_wconf 81' lang='lat' dir='ltr'><strong>autem</strong></span> <span class='ocrx_word' id='word_1_207' title='bbox 856 2288 892 2327; x_wconf 89' lang='lat' dir='ltr'><strong>ne</strong></span> <span class='ocrx_word' id='word_1_208' title='bbox 907 2270 1044 2344; x_wconf 86' lang='lat' dir='ltr'><strong>effugiat·</strong></span> <span class='ocrx_word' id='word_1_209' title='bbox 1076 2271 1185 2345; x_wconf 89' lang='lat' dir='ltr'><strong>quippe</strong></span> <span class='ocrx_word' id='word_1_210' title='bbox 1207 2273 1293 2328; x_wconf 89' lang='lat' dir='ltr'><strong>novit</strong></span> <span class='ocrx_word' id='word_1_211' title='bbox 1310 2273 1381 2344; x_wconf 83' lang='lat' dir='ltr'><strong>rias,</strong></span> 
     </span>
     <span class='ocr_line' id='line_1_25' title="bbox 298 2347 871 2427; baseline -0.007 -17"><span class='ocrx_word' id='word_1_212' title='bbox 298 2368 354 2427; x_wconf 88' lang='lat' dir='ltr'><strong>per</strong></span> <span class='ocrx_word' id='word_1_213' title='bbox 365 2369 434 2422; x_wconf 82' lang='lat' dir='ltr'><strong>quas</strong></span> <span class='ocrx_word' id='word_1_214' title='bbox 448 2350 583 2407; x_wconf 85' lang='lat' dir='ltr'><strong>Euorates</strong></span> <span class='ocrx_word' id='word_1_215' title='bbox 598 2348 674 2422; x_wconf 82' lang='lat' dir='ltr'><strong>sugit</strong></span> <span class='ocrx_word' id='word_1_216' title='bbox 686 2349 722 2403; x_wconf 89' lang='lat' dir='ltr'><strong>ad</strong></span> <span class='ocrx_word' id='word_1_217' title='bbox 735 2347 871 2407; x_wconf 78' lang='lat' dir='ltr'><strong>furfures.</strong></span> 
     </span>
    </p>

    <p class='ocr_par' dir='ltr' id='par_1_7' title="bbox 297 2427 1383 2651">
     <span class='ocr_line' id='line_1_26' title="bbox 305 2427 1383 2525; baseline 0.001 -38.033"><span class='ocrx_word' id='word_1_218' title='bbox 305 2430 454 2488; x_wconf 85' lang='lat' dir='ltr'><strong>CLEO.</strong></span> <span class='ocrx_word' id='word_1_219' title='bbox 476 2429 504 2486; x_wconf 94' lang='lat'>0</span> <span class='ocrx_word' id='word_1_220' title='bbox 515 2447 593 2487; x_wconf 85' lang='lat' dir='ltr'><strong>senes</strong></span> <span class='ocrx_word' id='word_1_221' title='bbox 604 2427 751 2498; x_wconf 82' lang='grc' dir='ltr'>Ηιιίιιιιι,</span> <span class='ocrx_word' id='word_1_222' title='bbox 765 2430 878 2503; x_wconf 87' lang='lat' dir='ltr'><strong>cognati</strong></span> <span class='ocrx_word' id='word_1_223' title='bbox 892 2431 1021 2504; x_wconf 84' lang='lat' dir='ltr'><strong>trioboli,</strong></span> <span class='ocrx_word' id='word_1_224' title='bbox 1031 2447 1103 2503; x_wconf 86' lang='lat' dir='ltr'><strong>quos</strong></span> <span class='ocrx_word' id='word_1_225' title='bbox 1116 2448 1170 2507; x_wconf 90' lang='lat' dir='ltr'><strong>ego</strong></span> <span class='ocrx_word' id='word_1_226' title='bbox 1183 2448 1285 2525; x_wconf 87' lang='lat' dir='ltr'><strong>pasco,</strong></span> <span class='ocrx_word' id='word_1_227' title='bbox 1300 2450 1383 2506; x_wconf 83' lang='lat' dir='ltr'><strong>aequa</strong></span> 
     </span>
     <span class='ocr_line' id='line_1_27' title="bbox 298 2507 1381 2603; baseline 0 -34"><span class='ocrx_word' id='word_1_228' title='bbox 298 2513 350 2569; x_wconf 89' lang='lat' dir='ltr'><strong>et</strong></span> <span class='ocrx_word' id='word_1_229' title='bbox 341 2510 441 2583; x_wconf 78' lang='lat' dir='ltr'><strong>mique</strong></span> <span class='ocrx_word' id='word_1_230' title='bbox 453 2510 609 2585; x_wconf 82' lang='lat' dir='ltr'><strong>clamitans,</strong></span> <span class='ocrx_word' id='word_1_231' title='bbox 625 2507 802 2566; x_wconf 87' lang='lat' dir='ltr'><strong>succurrite.</strong></span> <span class='ocrx_word' id='word_1_232' title='bbox 825 2526 890 2567; x_wconf 87' lang='lat' dir='ltr'><strong>uam</strong></span> <span class='ocrx_word' id='word_1_233' title='bbox 903 2510 939 2583; x_wconf 75' lang='lat' dir='ltr'><strong>ab</strong></span> <span class='ocrx_word' id='word_1_234' title='bbox 952 2511 1112 2603; x_wconf 83' lang='lat' dir='ltr'><strong>homiuibus</strong></span> <span class='ocrx_word' id='word_1_235' title='bbox 1136 2512 1297 2587; x_wconf 85' lang='lat' dir='ltr'><strong>conjuratis</strong></span> <span class='ocrx_word' id='word_1_236' title='bbox 1318 2530 1381 2571; x_wconf 85' lang='lat' dir='ltr'><strong>ver·</strong></span> 
     </span>
     <span class='ocr_line' id='line_1_28' title="bbox 297 2593 499 2651; baseline -0.015 0"><span class='ocrx_word' id='word_1_237' title='bbox 297 2593 395 2651; x_wconf 88' lang='lat' dir='ltr'><strong>beror.</strong></span> <span class='ocrx_word' id='word_1_238' title='bbox 495 2621 499 2629; x_wconf 80' lang='lat'><em>,</em></span> 
     </span>
    </p>

    <p class='ocr_par' dir='ltr' id='par_1_8' title="bbox 297 2647 1381 3305">
     <span class='ocr_line' id='line_1_29' title="bbox 341 2647 1380 2747; baseline 0 -17"><span class='ocrx_word' id='word_1_239' title='bbox 341 2670 466 2730; x_wconf 88' lang='lat' dir='ltr'><strong>CHOR.</strong></span> <span class='ocrx_word' id='word_1_240' title='bbox 488 2670 597 2730; x_wconf 86' lang='lat' dir='ltr'><strong>Merito</strong></span> <span class='ocrx_word' id='word_1_241' title='bbox 619 2655 688 2729; x_wconf 83' lang='lat' dir='ltr'><strong>sane</strong></span> <span class='ocrx_word' id='word_1_242' title='bbox 711 2676 775 2746; x_wconf 88' lang='lat' dir='ltr'><strong>tuo,</strong></span> <span class='ocrx_word' id='word_1_243' title='bbox 802 2673 910 2747; x_wconf 85' lang='lat' dir='ltr'><strong>quippe</strong></span> <span class='ocrx_word' id='word_1_244' title='bbox 933 2671 982 2745; x_wconf 92' lang='lat' dir='ltr'><strong>qui</strong></span> <span class='ocrx_word' id='word_1_245' title='bbox 1005 2647 1167 2730; x_wconf 72' lang='lat' dir='ltr'><strong>communia</strong></span> <span class='ocrx_word' id='word_1_246' title='bbox 1188 2674 1278 2747; x_wconf 80' lang='lat' dir='ltr'><strong>bona,</strong></span> <span class='ocrx_word' id='word_1_247' title='bbox 1304 2676 1380 2747; x_wconf 86' lang='lat' dir='ltr'><strong>prius</strong></span> 
     </span>
     <span class='ocr_line' id='line_1_30' title="bbox 298 2753 1382 2829; baseline 0.003 -20"><span class='ocrx_word' id='word_1_248' title='bbox 298 2771 382 2827; x_wconf 87' lang='lat' dir='ltr'><strong>quam</strong></span> <span class='ocrx_word' id='word_1_249' title='bbox 392 2759 469 2811; x_wconf 88' lang='lat' dir='ltr'><strong>sorte</strong></span> <span class='ocrx_word' id='word_1_250' title='bbox 481 2754 696 2820; x_wconf 88' lang='lat' dir='ltr'><strong>distribuantur,</strong></span> <span class='ocrx_word' id='word_1_251' title='bbox 709 2753 840 2821; x_wconf 80' lang='lat' dir='ltr'><strong>devoras,</strong></span> <span class='ocrx_word' id='word_1_252' title='bbox 854 2760 883 2810; x_wconf 89' lang='lat' dir='ltr'><strong>et</strong></span> <span class='ocrx_word' id='word_1_253' title='bbox 896 2758 1051 2826; x_wconf 87' lang='lat' dir='ltr'><strong>pertrectas</strong></span> <span class='ocrx_word' id='word_1_254' title='bbox 1060 2753 1219 2826; x_wconf 79' lang='lat' dir='ltr'><strong>pronisque</strong></span> <span class='ocrx_word' id='word_1_255' title='bbox 1230 2773 1310 2829; x_wconf 86' lang='lat' dir='ltr'><strong>reos,</strong></span> <span class='ocrx_word' id='word_1_256' title='bbox 1321 2762 1382 2812; x_wconf 89' lang='lat' dir='ltr'><strong>tan-</strong></span> 
     </span>
     <span class='ocr_line' id='line_1_31' title="bbox 297 2834 1381 2908; baseline 0.001 -17"><span class='ocrx_word' id='word_1_257' title='bbox 297 2852 384 2906; x_wconf 83' lang='lat' dir='ltr'><strong>quam</strong></span> <span class='ocrx_word' id='word_1_258' title='bbox 397 2834 476 2908; x_wconf 88' lang='lat' dir='ltr'><strong>ficus,</strong></span> <span class='ocrx_word' id='word_1_259' title='bbox 491 2843 622 2907; x_wconf 86' lang='lat' dir='ltr'><strong>spectans</strong></span> <span class='ocrx_word' id='word_1_260' title='bbox 635 2834 731 2906; x_wconf 89' lang='lat' dir='ltr'><strong>ecquis</strong></span> <span class='ocrx_word' id='word_1_261' title='bbox 743 2851 842 2890; x_wconf 89' lang='lat' dir='ltr'><strong>eorum</strong></span> <span class='ocrx_word' id='word_1_262' title='bbox 856 2834 893 2889; x_wconf 90' lang='lat' dir='ltr'><strong>sit</strong></span> <span class='ocrx_word' id='word_1_263' title='bbox 905 2834 1018 2904; x_wconf 84' lang='lat' dir='ltr'><strong>crudus,</strong></span> <span class='ocrx_word' id='word_1_264' title='bbox 1033 2840 1082 2890; x_wconf 85' lang='lat' dir='ltr'><strong>eut</strong></span> <span class='ocrx_word' id='word_1_265' title='bbox 1090 2840 1227 2908; x_wconf 86' lang='lat' dir='ltr'><strong>maturus,</strong></span> <span class='ocrx_word' id='word_1_266' title='bbox 1241 2842 1296 2893; x_wconf 85' lang='lat' dir='ltr'><strong>aut</strong></span> <span class='ocrx_word' id='word_1_267' title='bbox 1310 2854 1381 2893; x_wconf 91' lang='lat' dir='ltr'><strong>non·</strong></span> 
     </span>
     <span class='ocr_line' id='line_1_32' title="bbox 298 2914 1380 2990; baseline 0.003 -21"><span class='ocrx_word' id='word_1_268' title='bbox 298 2915 367 2971; x_wconf 90' lang='lat' dir='ltr'><strong>dum</strong></span> <span class='ocrx_word' id='word_1_269' title='bbox 381 2922 525 2971; x_wconf 83' lang='lat' dir='ltr'><strong>maturus:</strong></span> <span class='ocrx_word' id='word_1_270' title='bbox 555 2919 585 2970; x_wconf 90' lang='lat' dir='ltr'><strong>et</strong></span> <span class='ocrx_word' id='word_1_271' title='bbox 598 2916 740 2983; x_wconf 83' lang='lat' dir='ltr'><strong>observas,</strong></span> <span class='ocrx_word' id='word_1_272' title='bbox 753 2914 839 2986; x_wconf 89' lang='lat' dir='ltr'><strong>siquis</strong></span> <span class='ocrx_word' id='word_1_273' title='bbox 862 2914 962 2970; x_wconf 90' lang='lat' dir='ltr'><strong>civium</strong></span> <span class='ocrx_word' id='word_1_274' title='bbox 989 2914 1106 2988; x_wconf 82' lang='lat' dir='ltr'><strong>simplex</strong></span> <span class='ocrx_word' id='word_1_275' title='bbox 1124 2925 1168 2971; x_wconf 91' lang='lat' dir='ltr'><strong>est</strong></span> <span class='ocrx_word' id='word_1_276' title='bbox 1189 2916 1279 2972; x_wconf 87' lang='lat' dir='ltr'><strong>instar</strong></span> <span class='ocrx_word' id='word_1_277' title='bbox 1304 2918 1380 2990; x_wconf 85' lang='lat' dir='ltr'><strong>agni,</strong></span> 
     </span>
     <span class='ocr_line' id='line_1_33' title="bbox 299 2994 1381 3068; baseline 0.003 -19"><span class='ocrx_word' id='word_1_278' title='bbox 299 2996 465 3066; x_wconf 89' lang='lat' dir='ltr'><strong>opulentus,</strong></span> <span class='ocrx_word' id='word_1_279' title='bbox 480 2994 628 3068; x_wconf 76' lang='lat' dir='ltr'><strong>ansgotiis</strong></span> <span class='ocrx_word' id='word_1_280' title='bbox 641 3000 776 3065; x_wconf 89' lang='lat' dir='ltr'><strong>remotus,</strong></span> <span class='ocrx_word' id='word_1_281' title='bbox 792 3000 820 3050; x_wconf 86' lang='lat' dir='ltr'><strong>et</strong></span> <span class='ocrx_word' id='word_1_282' title='bbox 833 2994 958 3067; x_wconf 77' lang='lat' dir='ltr'><strong>fugitans</strong></span> <span class='ocrx_word' id='word_1_283' title='bbox 970 2994 1083 3051; x_wconf 89' lang='lat' dir='ltr'><strong>litium.</strong></span> <span class='ocrx_word' id='word_1_284' title='bbox 1116 3000 1176 3050; x_wconf 92' lang='lat' dir='ltr'><strong>tum</strong></span> <span class='ocrx_word' id='word_1_285' title='bbox 1193 2997 1215 3052; x_wconf 92' lang='lat' dir='ltr'><strong>si</strong></span> <span class='ocrx_word' id='word_1_286' title='bbox 1230 3014 1319 3068; x_wconf 87' lang='lat' dir='ltr'><strong>quem</strong></span> <span class='ocrx_word' id='word_1_287' title='bbox 1340 2998 1381 3052; x_wconf 89' lang='lat' dir='ltr'><strong>vi</strong></span> 
     </span>
     <span class='ocr_line' id='line_1_34' title="bbox 298 3072 1380 3147; baseline 0.004 -18"><span class='ocrx_word' id='word_1_288' title='bbox 298 3074 365 3130; x_wconf 82' lang='lat' dir='ltr'><strong>deas</strong></span> <span class='ocrx_word' id='word_1_289' title='bbox 379 3075 500 3131; x_wconf 88' lang='lat' dir='ltr'><strong>otiosum</strong></span> <span class='ocrx_word' id='word_1_290' title='bbox 522 3079 551 3129; x_wconf 90' lang='lat' dir='ltr'><strong>et</strong></span> <span class='ocrx_word' id='word_1_291' title='bbox 565 3074 743 3147; x_wconf 86' lang='lat' dir='ltr'><strong>oscitantem,</strong></span> <span class='ocrx_word' id='word_1_292' title='bbox 759 3074 814 3129; x_wconf 91' lang='lat' dir='ltr'><strong>huc</strong></span> <span class='ocrx_word' id='word_1_293' title='bbox 835 3081 982 3131; x_wconf 86' lang='lat' dir='ltr'><strong>evocatum</strong></span> <span class='ocrx_word' id='word_1_294' title='bbox 1001 3092 1035 3132; x_wconf 82' lang='lat' dir='ltr'><strong>ex</strong></span> <span class='ocrx_word' id='word_1_295' title='bbox 1055 3072 1233 3132; x_wconf 83' lang='lat' dir='ltr'><strong>Chersoneso</strong></span> <span class='ocrx_word' id='word_1_296' title='bbox 1257 3076 1380 3133; x_wconf 88' lang='lat' dir='ltr'><strong>medium</strong></span> 
     </span>
     <span class='ocr_line' id='line_1_35' title="bbox 299 3140 1379 3231; baseline 0.007 -24"><span class='ocrx_word' id='word_1_297' title='bbox 299 3140 461 3226; x_wconf 79' lang='lat' dir='ltr'><strong>prebendis,</strong></span> <span class='ocrx_word' id='word_1_298' title='bbox 484 3155 586 3209; x_wconf 91' lang='lat' dir='ltr'><strong>collum</strong></span> <span class='ocrx_word' id='word_1_299' title='bbox 608 3153 735 3226; x_wconf 83' lang='lat' dir='ltr'><strong>implicas</strong></span> <span class='ocrx_word' id='word_1_300' title='bbox 760 3172 836 3211; x_wconf 85' lang='lat' dir='ltr'><strong>nexu</strong></span> <span class='ocrx_word' id='word_1_301' title='bbox 858 3155 976 3230; x_wconf 88' lang='lat' dir='ltr'><strong>brachii,</strong></span> <span class='ocrx_word' id='word_1_302' title='bbox 994 3154 1196 3229; x_wconf 87' lang='lat' dir='ltr'><strong>humerumque</strong></span> <span class='ocrx_word' id='word_1_303' title='bbox 1218 3162 1379 3231; x_wconf 81' lang='lat' dir='ltr'><strong>retorques,</strong></span> 
     </span>
     <span class='ocr_line' id='line_1_36' title="bbox 298 3229 804 3305; baseline 0.006 -17"><span class='ocrx_word' id='word_1_304' title='bbox 298 3233 396 3303; x_wconf 89' lang='lat' dir='ltr'><strong>sicque</strong></span> <span class='ocrx_word' id='word_1_305' title='bbox 408 3229 541 3289; x_wconf 87' lang='lat' dir='ltr'><strong>afflictum</strong></span> <span class='ocrx_word' id='word_1_306' title='bbox 555 3232 709 3305; x_wconf 86' lang='lat' dir='ltr'><strong>praecidere</strong></span> <span class='ocrx_word' id='word_1_307' title='bbox 722 3236 804 3291; x_wconf 91' lang='lat' dir='ltr'><strong>soles.</strong></span> 
     </span>
    </p>

    <p class='ocr_par' dir='ltr' id='par_1_9' title="bbox 299 3310 1379 3533">
     <span class='ocr_line' id='line_1_37' title="bbox 340 3310 1378 3391; baseline 0.005 -23"><span class='ocrx_word' id='word_1_308' title='bbox 340 3312 392 3370; x_wconf 77' lang='lat' dir='ltr'><strong>Cl.</strong></span> <span class='ocrx_word' id='word_1_309' title='bbox 393 3310 457 3371; x_wconf 83' lang='grc' dir='ltr'><strong>ΕΟ.</strong></span> <span class='ocrx_word' id='word_1_310' title='bbox 481 3310 541 3370; x_wconf 86' lang='lat' dir='ltr'><strong>Vos</strong></span> <span class='ocrx_word' id='word_1_311' title='bbox 556 3330 613 3369; x_wconf 92' lang='lat' dir='ltr'><strong>una</strong></span> <span class='ocrx_word' id='word_1_312' title='bbox 624 3314 652 3369; x_wconf 92' lang='lat' dir='ltr'><strong>iu</strong></span> <span class='ocrx_word' id='word_1_313' title='bbox 668 3330 711 3369; x_wconf 90' lang='lat' dir='ltr'><strong>me</strong></span> <span class='ocrx_word' id='word_1_314' title='bbox 725 3311 884 3389; x_wconf 82' lang='lat' dir='ltr'><strong>insurgitis.</strong></span> <span class='ocrx_word' id='word_1_315' title='bbox 907 3320 948 3389; x_wconf 84' lang='lat' dir='ltr'><strong>et,</strong></span> <span class='ocrx_word' id='word_1_316' title='bbox 960 3314 979 3373; x_wconf 85' lang='grc' dir='ltr'><strong>ὃ</strong></span> <span class='ocrx_word' id='word_1_317' title='bbox 990 3313 1247 3389; x_wconf 83' lang='grc' dir='ltr'>ιίιι,ιιιοιιιιιιοι</span> <span class='ocrx_word' id='word_1_318' title='bbox 1260 3318 1378 3391; x_wconf 83' lang='lat' dir='ltr'><strong>vapulo,</strong></span> 
     </span>
     <span class='ocr_line' id='line_1_38' title="bbox 300 3392 1379 3471; baseline 0.005 -23"><span class='ocrx_word' id='word_1_319' title='bbox 300 3393 365 3465; x_wconf 84' lang='lat' dir='ltr'><strong>quia</strong></span> <span class='ocrx_word' id='word_1_320' title='bbox 379 3392 546 3465; x_wconf 88' lang='lat' dir='ltr'><strong>septentiam</strong></span> <span class='ocrx_word' id='word_1_321' title='bbox 561 3394 689 3450; x_wconf 87' lang='lat' dir='ltr'><strong>dicturus</strong></span> <span class='ocrx_word' id='word_1_322' title='bbox 703 3395 822 3451; x_wconf 83' lang='lat' dir='ltr'><strong>emmiu</strong></span> <span class='ocrx_word' id='word_1_323' title='bbox 837 3392 952 3471; x_wconf 87' lang='lat' dir='ltr'><strong>Senatu,</strong></span> <span class='ocrx_word' id='word_1_324' title='bbox 967 3401 1001 3453; x_wconf 89' lang='lat' dir='ltr'><strong>ut</strong></span> <span class='ocrx_word' id='word_1_325' title='bbox 1024 3412 1136 3469; x_wconf 85' lang='lat' dir='ltr'><strong>aequum</strong></span> <span class='ocrx_word' id='word_1_326' title='bbox 1151 3396 1229 3453; x_wconf 84' lang='lat' dir='ltr'><strong>sitin</strong></span> <span class='ocrx_word' id='word_1_327' title='bbox 1244 3398 1320 3455; x_wconf 85' lang='lat' dir='ltr'><strong>urbe</strong></span> <span class='ocrx_word' id='word_1_328' title='bbox 1331 3416 1379 3455; x_wconf 80' lang='lat' dir='ltr'><strong>eu-</strong></span> 
     </span>
     <span class='ocr_line' id='line_1_39' title="bbox 299 3474 914 3533; baseline 0 -2"><span class='ocrx_word' id='word_1_329' title='bbox 299 3481 376 3531; x_wconf 88' lang='lat' dir='ltr'><strong>stare</strong></span> <span class='ocrx_word' id='word_1_330' title='bbox 390 3479 600 3531; x_wconf 88' lang='lat' dir='ltr'><strong>monumentum</strong></span> <span class='ocrx_word' id='word_1_331' title='bbox 615 3481 715 3529; x_wconf 77' lang='lat' dir='ltr'><strong>restra</strong></span> <span class='ocrx_word' id='word_1_332' title='bbox 730 3474 914 3533; x_wconf 80' lang='lat' dir='ltr'><strong>tortitudinis.</strong></span> 
     </span>
    </p>

    <p class='ocr_par' dir='ltr' id='par_1_10' title="bbox 299 3551 1378 3707">
     <span class='ocr_line' id='line_1_40' title="bbox 305 3551 1378 3629; baseline 0.003 -18.098"><span class='ocrx_word' id='word_1_333' title='bbox 305 3552 462 3612; x_wconf 85' lang='lat' dir='ltr'><strong>CHOR.</strong></span> <span class='ocrx_word' id='word_1_334' title='bbox 484 3551 578 3621; x_wconf 84' lang='lat' dir='ltr'><strong>Quam</strong></span> <span class='ocrx_word' id='word_1_335' title='bbox 592 3553 743 3627; x_wconf 90' lang='lat' dir='ltr'><strong>gloriosus,</strong></span> <span class='ocrx_word' id='word_1_336' title='bbox 757 3571 841 3625; x_wconf 86' lang='lat' dir='ltr'><strong>quam</strong></span> <span class='ocrx_word' id='word_1_337' title='bbox 863 3557 997 3612; x_wconf 87' lang='lat' dir='ltr'><strong>subactus</strong></span> <span class='ocrx_word' id='word_1_338' title='bbox 1018 3554 1080 3614; x_wconf 85' lang='lat' dir='ltr'><strong>est!</strong></span> <span class='ocrx_word' id='word_1_339' title='bbox 1102 3553 1207 3613; x_wconf 89' lang='lat' dir='ltr'><strong>Viden’</strong></span> <span class='ocrx_word' id='word_1_340' title='bbox 1231 3558 1378 3629; x_wconf 91' lang='lat' dir='ltr'><strong>quomodo</strong></span> 
     </span>
     <span class='ocr_line' id='line_1_41' title="bbox 299 3634 1378 3729; baseline 0.003 -37"><span class='ocrx_word' id='word_1_341' title='bbox 299 3635 383 3692; x_wconf 90' lang='lat' dir='ltr'><strong>uobis</strong></span> <span class='ocrx_word' id='word_1_342' title='bbox 397 3641 528 3705; x_wconf 85' lang='lat' dir='ltr'><strong>tauquam</strong></span> <span class='ocrx_word' id='word_1_343' title='bbox 542 3637 656 3691; x_wconf 88' lang='lat' dir='ltr'><strong>senibus</strong></span> <span class='ocrx_word' id='word_1_344' title='bbox 669 3637 809 3729; x_wconf 85' lang='lat' dir='ltr'><strong>subrepit,</strong></span> <span class='ocrx_word' id='word_1_345' title='bbox 825 3641 853 3692; x_wconf 90' lang='lat' dir='ltr'><strong>et</strong></span> <span class='ocrx_word' id='word_1_346' title='bbox 866 3653 917 3691; x_wconf 89' lang='lat' dir='ltr'><strong>nos</strong></span> <span class='ocrx_word' id='word_1_347' title='bbox 932 3636 1051 3693; x_wconf 90' lang='lat' dir='ltr'><strong>deludit.</strong></span> <span class='ocrx_word' id='word_1_348' title='bbox 1094 3634 1182 3692; x_wconf 89' lang='lat' dir='ltr'><strong>Sed</strong></span> <span class='ocrx_word' id='word_1_349' title='bbox 1161 3655 1184 3692; x_wconf 90' lang='grc' dir='ltr'><strong>ιι</strong></span> <span class='ocrx_word' id='word_1_350' title='bbox 1202 3636 1256 3693; x_wconf 87' lang='lat' dir='ltr'><strong>hac</strong></span> <span class='ocrx_word' id='word_1_351' title='bbox 1271 3639 1378 3695; x_wconf 85' lang='lat' dir='ltr'><strong>ratione</strong></span> 
     </span>
    </p>

    <p class='ocr_par' dir='ltr' id='par_1_11' title="bbox 243 3714 1365 3930">
     <span class='ocr_line' id='line_1_42' title="bbox 271 3714 1353 3792; baseline 0.001 -19"><span class='ocrx_word' id='word_1_352' title='bbox 271 3760 278 3773; x_wconf 78' lang='grc'><em>,</em></span> <span class='ocrx_word' id='word_1_353' title='bbox 298 3715 398 3783; x_wconf 89' lang='lat' dir='ltr'><strong>vincit,</strong></span> <span class='ocrx_word' id='word_1_354' title='bbox 413 3715 508 3771; x_wconf 87' lang='lat' dir='ltr'><strong>eadem</strong></span> <span class='ocrx_word' id='word_1_355' title='bbox 522 3714 661 3772; x_wconf 72' lang='lat' dir='ltr'><strong>ferietur:</strong></span> <span class='ocrx_word' id='word_1_356' title='bbox 684 3715 706 3770; x_wconf 88' lang='lat' dir='ltr'><strong>si</strong></span> <span class='ocrx_word' id='word_1_357' title='bbox 722 3733 790 3771; x_wconf 90' lang='lat' dir='ltr'><strong>vero</strong></span> <span class='ocrx_word' id='word_1_358' title='bbox 804 3716 858 3771; x_wconf 90' lang='lat' dir='ltr'><strong>huc</strong></span> <span class='ocrx_word' id='word_1_359' title='bbox 871 3716 1090 3786; x_wconf 85' lang='lat' dir='ltr'><strong>declinaverit,&#39;</strong></span> <span class='ocrx_word' id='word_1_360' title='bbox 1082 3734 1110 3771; x_wconf 91' lang='grc' dir='ltr'><strong>ιι</strong></span> <span class='ocrx_word' id='word_1_361' title='bbox 1127 3734 1192 3772; x_wconf 91' lang='lat' dir='ltr'><strong>crus</strong></span> <span class='ocrx_word' id='word_1_362' title='bbox 1204 3718 1353 3792; x_wconf 86' lang='lat' dir='ltr'><strong>impinget.</strong></span> 
     </span>
     <span class='ocr_line' id='line_1_43' title="bbox 277 3791 1375 3913; baseline 0.006 -62"><span class='ocrx_word' id='word_1_363' title='bbox 277 3856 280 3861; x_wconf 63' lang='grc'><strong>,</strong></span> <span class='ocrx_word' id='word_1_364' title='bbox 324 3792 458 3913; x_wconf 50' lang='lat' dir='ltr'><strong>c&#39;Luo.</strong></span> <span class='ocrx_word' id='word_1_365' title='bbox 480 3791 606 3869; x_wconf 89' lang='lat' dir='ltr'><strong>Ocives,</strong></span> <span class='ocrx_word' id='word_1_366' title='bbox 623 3793 775 3869; x_wconf 85' lang='lat' dir='ltr'><strong>dpopule,</strong></span> <span class='ocrx_word' id='word_1_367' title='bbox 791 3796 888 3868; x_wconf 88' lang='lat' dir='ltr'><strong>quales</strong></span> <span class='ocrx_word' id='word_1_368' title='bbox 902 3796 968 3854; x_wconf 89' lang='lat' dir='ltr'><strong>mihi</strong></span> <span class='ocrx_word' id='word_1_369' title='bbox 990 3798 1081 3854; x_wconf 80' lang='lat' dir='ltr'><strong>beluae</strong></span> <span class='ocrx_word' id='word_1_370' title='bbox 1101 3798 1229 3854; x_wconf 86' lang='lat' dir='ltr'><strong>ventrem</strong></span> <span class='ocrx_word' id='word_1_371' title='bbox 1256 3800 1375 3871; x_wconf 87' lang='lat' dir='ltr'><strong>percuti·</strong></span> 
     </span>
     <span class='ocr_line' id='line_1_44' title="bbox 243 3865 371 3931; baseline 0.055 -7"><span class='ocrx_word' id='word_1_372' title='bbox 243 3915 249 3924; x_wconf 85' lang='lat'><strong>..</strong></span> <span class='ocrx_word' id='word_1_373' title='bbox 270 3912 275 3919; x_wconf 84' lang='lat'><strong>.</strong></span> <span class='ocrx_word' id='word_1_374' title='bbox 299 3865 371 3931; x_wconf 88' lang='lat' dir='ltr'><strong>unt.</strong></span> 
     </span>
    </p>

    <p class='ocr_par' dir='ltr' id='par_1_12' title="bbox 339 3951 1159 4029">
     <span class='ocr_line' id='line_1_45' title="bbox 339 3951 1159 4029; baseline 0.004 -19"><span class='ocrx_word' id='word_1_375' title='bbox 339 3951 462 4011; x_wconf 83' lang='lat' dir='ltr'><strong>CHOR.</strong></span> <span class='ocrx_word' id='word_1_376' title='bbox 482 3951 577 4010; x_wconf 85' lang='lat' dir='ltr'><strong>Etiam</strong></span> <span class='ocrx_word' id='word_1_377' title='bbox 591 3954 732 4029; x_wconf 83' lang='lat' dir='ltr'><strong>clamitas,</strong></span> <span class='ocrx_word' id='word_1_378' title='bbox 748 3954 796 4027; x_wconf 89' lang='lat' dir='ltr'><strong>qui</strong></span> <span class='ocrx_word' id='word_1_379' title='bbox 810 3972 920 4027; x_wconf 88' lang='lat' dir='ltr'><strong>semper</strong></span> <span class='ocrx_word' id='word_1_380' title='bbox 932 3956 1029 4012; x_wconf 90' lang='lat' dir='ltr'><strong>urbem</strong></span> <span class='ocrx_word' id='word_1_381' title='bbox 1043 3956 1159 4014; x_wconf 85' lang='lat' dir='ltr'><strong>vastas?</strong></span> 
     </span>
    </p>
   </div>
   <div class='ocr_carea' id='block_1_3' title="bbox 298 4030 1375 4271">
    <p class='ocr_par' dir='ltr' id='par_1_13' title="bbox 298 4030 1375 4271">
     <span class='ocr_line' id='line_1_46' title="bbox 328 4030 1108 4110; baseline 0.005 -22.058"><span class='ocrx_word' id='word_1_382' title='bbox 328 4030 386 4089; x_wconf 88' lang='lat' dir='ltr'><strong>IS.</strong></span> <span class='ocrx_word' id='word_1_383' title='bbox 409 4033 517 4107; x_wconf 76' lang='lat' dir='ltr'><strong>stege</strong></span> <span class='ocrx_word' id='word_1_384' title='bbox 531 4041 561 4090; x_wconf 91' lang='lat' dir='ltr'><strong>te</strong></span> <span class='ocrx_word' id='word_1_385' title='bbox 573 4035 629 4092; x_wconf 90' lang='lat' dir='ltr'><strong>isto</strong></span> <span class='ocrx_word' id='word_1_386' title='bbox 643 4052 707 4090; x_wconf 88' lang='lat' dir='ltr'><strong>meo</strong></span> <span class='ocrx_word' id='word_1_387' title='bbox 719 4037 843 4091; x_wconf 83' lang='lat' dir='ltr'><strong>clamore</strong></span> <span class='ocrx_word' id='word_1_388' title='bbox 857 4036 976 4108; x_wconf 90' lang='lat' dir='ltr'><strong>primurn</strong></span> <span class='ocrx_word' id='word_1_389' title='bbox 990 4036 1108 4110; x_wconf 78' lang='lat' dir='ltr'><strong>fugabo</strong></span> 
     </span>
     <span class='ocr_line' id='line_1_47' title="bbox 341 4108 1375 4211; baseline 0.007 -45"><span class='ocrx_word' id='word_1_390' title='bbox 341 4108 463 4169; x_wconf 80' lang='lat' dir='ltr'><strong>CHOR.</strong></span> <span class='ocrx_word' id='word_1_391' title='bbox 485 4115 563 4170; x_wconf 75' lang='lat' dir='ltr'><strong>st·</strong></span> <span class='ocrx_word' id='word_1_392' title='bbox 542 4132 565 4171; x_wconf 88' lang='grc' dir='ltr'><strong>ιι</strong></span> <span class='ocrx_word' id='word_1_393' title='bbox 570 4113 690 4209; x_wconf 36' lang='lat' dir='ltr'><strong>&#39;quidem</strong></span> <span class='ocrx_word' id='word_1_394' title='bbox 704 4132 766 4170; x_wconf 88' lang='lat' dir='ltr'><strong>eum</strong></span> <span class='ocrx_word' id='word_1_395' title='bbox 780 4117 941 4171; x_wconf 88' lang='lat' dir='ltr'><strong>clamore</strong></span> <span class='ocrx_word' id='word_1_396' title='bbox 916 4116 1025 4184; x_wconf 83' lang='lat' dir='ltr'><strong>viceris,</strong></span> <span class='ocrx_word' id='word_1_397' title='bbox 1040 4116 1212 4211; x_wconf 72' lang='lat' dir='ltr'><strong>triumphale</strong></span> <span class='ocrx_word' id='word_1_398' title='bbox 1233 4117 1375 4175; x_wconf 83' lang='lat' dir='ltr'><strong>canticum</strong></span> 
     </span>
     <span class='ocr_line' id='line_1_48' title="bbox 298 4191 1374 4271; baseline 0.004 -22"><span class='ocrx_word' id='word_1_399' title='bbox 298 4191 354 4251; x_wconf 86' lang='lat' dir='ltr'><strong>tibi</strong></span> <span class='ocrx_word' id='word_1_400' title='bbox 368 4192 533 4253; x_wconf 73' lang='lat' dir='ltr'><strong>accinctus·</strong></span> <span class='ocrx_word' id='word_1_401' title='bbox 555 4195 598 4253; x_wconf 87' lang='lat' dir='ltr'><strong>sin</strong></span> <span class='ocrx_word' id='word_1_402' title='bbox 612 4193 806 4268; x_wconf 86' lang='lat' dir='ltr'><strong>impudentia</strong></span> <span class='ocrx_word' id='word_1_403' title='bbox 798 4212 889 4270; x_wconf 89' lang='lat' dir='ltr'><strong>rpsum</strong></span> <span class='ocrx_word' id='word_1_404' title='bbox 904 4197 1091 4271; x_wconf 77' lang='lat' dir='ltr'><strong>superaveris,</strong></span> <span class='ocrx_word' id='word_1_405' title='bbox 1107 4198 1200 4271; x_wconf 85' lang='lat' dir='ltr'><strong>palma</strong></span> <span class='ocrx_word' id='word_1_406' title='bbox 1211 4202 1313 4255; x_wconf 87' lang='lat' dir='ltr'><strong>nostra</strong></span> <span class='ocrx_word' id='word_1_407' title='bbox 1325 4207 1374 4255; x_wconf 90' lang='lat' dir='ltr'><strong>est.</strong></span> 
     </span>
    </p>
   </div>
   <div class='ocr_carea' id='block_1_4' title="bbox 0 0 1442 4984">
    <p class='ocr_par' dir='ltr' id='par_1_14' title="bbox 0 0 1442 4984">
     <span class='ocr_line' id='line_1_49' title="bbox 0 0 1442 4984; baseline 0 0"><span class='ocrx_word' id='word_1_408' title='bbox 0 0 1442 4984; x_wconf 95' lang='lat' dir='ltr'><strong> </strong></span> 
     </span>
    </p>
   </div>
  </div>
 </body>
</html>
