2875 4984
296 380 357 441 290
658 375 1051 441 Anlsuornnrtls

314 542 318 553 '
337 534 416 598 DlG.
439 536 467 597 Ο
481 535 622 598 Lamache
634 538 729 614 lieres,
742 541 868 617 ignosce,
882 544 1014 617 obsecro,
1025 540 1059 615 si,
1070 539 1215 598 mendicus
1229 559 1246 617 q
1346 544 1351 552 ’

295 622 403 691 aliquid
417 622 486 691 dixi,
501 628 531 677 et
543 639 629 695 nugae
643 624 791 680 blaterari.

337 700 440 758 LAM.
463 701 541 769 Quid
555 720 624 777 ergo
637 704 666 759 in
680 722 733 760 nos
746 704 836 761 dixti?
858 718 956 761 nonne
966 700 1125 774 eloquere?

336 779 416 839 DlC.
438 780 522 839 Haud
536 785 649 840 memini
661 784 802 857 amplius:
825 802 889 840 nam
911 802 970 857 prae
989 788 1067 839 metu
1087 800 1233 839 armornm
1248 781 1393 857 vertigine

185 932 187 936 Ι
295 860 409 918 laboro.
451 860 505 919 Sed
519 866 640 922 obsecro
655 857 694 940 te,
708 866 875 923 auterame
889 864 1147 921 terriculamentum
1160 864 1256 939 clypei
1270 864 1325 920 tari.

336 940 439 1001 LAM.
463 942 515 1002 En.
1198 972 1205 983 ·

335 1020 418 1082 DIC.
441 1023 527 1082 Nune
542 1044 604 1083 eum
619 1026 676 1084 lmc
689 1027 800 1084 colloca
812 1026 951 1100 supinum.

335 1102 438 1162 ΒΑΜ.
460 1105 554 1164 Jacet.

334 1184 414 1242 DIC.
438 1184 516 1245 Cedo
530 1187 597 1243 mihi
611 1206 685 1244 nunc
697 1205 819 1262 pennam
833 1187 868 1244 de
880 1188 970 1261 galea.

333 1263 438 1323 ΒΑΜ.
457 1266 559 1325 Eccam
574 1270 626 1325 tibi
641 1287 770 1341 pennam.

247 1395 253 1408 .
337 1344 415 1404 DlC.
437 1345 517 1404 Tene
538 1366 615 1406 nunc
635 1368 728 1407 meum
743 1354 840 1423 caput,
856 1353 1024 1406 utvomam.
1066 1345 1302 1405 Nauseamenim
1322 1345 1392 1403 mihi

291 1433 410 1483 movent
425 1430 528 1486 cristae.

333 1506 434 1565 LAM.
456 1508 535 1567 Heus
562 1516 606 1585 tu,
633 1510 703 1582 quid
731 1508 859 1586 cogitas?
892 1508 949 1564 rin’
974 1507 1026 1564 tibi
1051 1505 1105 1563 lnac
1128 1524 1224 1581 penna
1249 1507 1389 1565 vomitum

292 1588 389 1646 clere?

331 1668 413 1728 DIC.
435 1667 597 1744 Quippini?
619 1671 665 1729 dic
677 1672 746 1729 milri
759 1688 829 1744 ergo
839 1668 989 1743 cujusnam
1002 1668 1040 1725 sit
1053 1670 1107 1726 ista
1120 1684 1224 1741 penna.

1412 1581 1414 1592 l

283 1757 285 1765 ¹
330 1748 432 1806 ΒΑΜ.
454 1752 540 1808 AllllS
553 1758 605 1808 ell-
687 1795 691 1803 »

232 1848 235 1854 ·
329 1828 412 1889 DlC.
436 1828 580 1902 Numquid
594 1831 712 1905 gloriosi
730 1827 898 1905 cujusdam?

330 1908 433 1968 LAM.
457 1910 538 1969 Heu!
560 1930 645 1984 quum
657 1930 723 1968 mor
738 1911 860 1985 peribis!
1035 1971 1041 1979 ,
1369 1950 1373 1953 ·

329 1989 412 2049 DlC.
436 1991 635 2067 Nequaquam,
653 1992 671 2050 ὂ
686 1990 837 2051 Lamache.
880 1988 1194 2047 Nouenimrlreshaec
1208 1990 1316 2065 agitur.
1361 1990 1389 2051 si

288 2078 384 2130 autern
398 2074 505 2130 viribus
519 2075 620 2147 polles,
631 2074 700 2147 quin
714 2092 759 2130 me
773 2088 890 2147 carpum
903 2070 995 2129 facie?
1019 2089 1083 2127 nam
1097 2073 1169 2128 bene
1178 2080 1293 2130 vasatas
1305 2091 1351 2131 es.

284 2156 285 2159 ’
329 2151 431 2210 ΒΑΜ.
453 2152 587 2212 Haeccine
601 2162 644 2224 tu,
660 2157 800 2229 mendice,
815 2156 844 2210 iu
857 2153 956 2210 ducem
969 2152 1114 2211 exercitus
1127 2149 1218 2209 dicis?

328 2231 411 2291 DlC.
435 2231 532 2307 Egone
546 2235 709 2293 mendicus?

329 2311 434 2370 ΒΑΜ.
457 2314 528 2380 Quis
542 2334 610 2387 ergo
623 2314 675 2371 es?

329 2392 409 2451 DlC.
431 2392 590 2461 Quisnam?
621 2396 690 2451 civis
711 2398 817 2467 bonus,
841 2413 900 2453 non
922 2394 1108 2463 ambitiosus;
1131 2411 1241 2467 verum,
1264 2411 1304 2452 ex
1326 2413 1385 2469 quo
1412 2437 1413 2482 ,

288 2473 400 2530 bellum.
409 2475 504 2550 durat,
520 2474 663 2531 militans:
686 2482 717 2531 tu
733 2494 814 2549 nero,
828 2494 863 2533 cx
883 2494 942 2551 quo
956 2476 1062 2533 bellum
1076 2476 1173 2549 durat,
1187 2479 1385 2536 mercenarius

286 2554 342 2610 dux
357 2573 395 2612 es.
459 2586 461 2591 ·

240 2680 246 2695 .
327 2634 427 2694 LAM.
450 2634 592 2712 Suffragiis
605 2636 679 2695 enim
693 2655 738 2694 me
751 2643 927 2695 crearunt-

327 2713 409 2775 DlC.
432 2716 535 2779 cuculi
556 2726 611 2774 tres
625 2721 743 2795 scilieet.
785 2718 855 2775 Haec
878 2721 976 2793 itaque
995 2735 1050 2791 ego
1071 2722 1229 2789 auersatus,
1250 2716 1383 2777 inducias

286 2798 395 2874 pepigi,
410 2799 487 2871 qnod
501 2800 622 2856 viderem
645 2818 732 2856 canos
753 2801 867 2869 quidem
888 2800 965 2855 viros
986 2798 1015 2853 in
1035 2800 1119 2868 acie3
1137 2798 1260 2871 juvenes
1273 2809 1381 2873 autem,

247 2878 251 2890 “
284 2879 327 2933 tui
341 2882 452 2955 similes,
461 2879 614 2951 fugitantes
625 2880 763 2953 laborem,
774 2881 908 2951 quosdam
921 2880 950 2935 in
961 2877 1096 2952 Threcia,
1107 2881 1156 2951 qui
1166 2886 1223 2935 tres
1233 2881 1383 2939 drachmas

286 2962 444 3035 merebant,
471 2958 648 3036 Tisamenus,
675 2960 860 3035 Phanippos,
886 2965 916 3015 et
938 2958 1149 3032 Hipparchidas
1171 2961 1381 3033 nequissimos:

286 3041 358 3095 alios
380 3042 457 3113 apud
480 3038 652 3097 Charetem:
676 3043 746 3097 alios
766 3044 795 3099 in
810 3039 947 3108 Chaonia,
962 3037 1094 3110 Genetes,
1110 3038 1297 3114 Theodoros,
1318 3046 1382 3118 glo.

286 3121 432 3191 riososqne
448 3120 629 3178 Diomenses:
651 3122 721 3179 alios
735 3122 764 3177 in
780 3120 942 3187 Camarina,
957 3122 986 3175 in
1002 3118 1089 3195 Gela,
1103 3122 1175 3177 etin
1187 3118 1354 3197 Catagela·
1370 3144 1374 3152 ·

326 3198 428 3255 ΒΑΜ.
451 3199 524 3257 Nam
538 3201 680 3276 suffragiis
693 3208 777 3260 crant
789 3203 877 3259 creati
889 3201 986 3260 duces.
1412 3195 1413 3260 l

327 3277 406 3352 DlG.
428 3278 501 3346 Qua
515 3278 605 3357 autem
628 3300 711 3339 causa
730 3290 781 3350 est,
797 3301 848 3339 cnr
862 3300 912 3339 vos
925 3281 1039 3353 quidem
1059 3281 1218 3339 mercedem
1231 3283 1381 3358 accipiatis
1412 3267 1413 3344 l

283 3361 479 3435 undecunque,
496 3362 714 3421 istorumautem
727 3362 833 3421 nemo?
856 3362 974 3435 Quaeso,
989 3362 1140 3430 Marilade,
1151 3380 1188 3418 an
1198 3369 1244 3435 tu,
1259 3368 1314 3437 qui
1322 3367 1377 3440 jam
1412 3367 1413 3436 ]

284 3458 370 3497 cauus
385 3460 424 3514 es,
440 3442 611 3521 legationem
622 3462 749 3516 unquam
763 3443 871 3511 obiisti,
886 3462 940 3500 nec
952 3442 1010 3499 nc?
1033 3445 1147 3500 renuit:
1167 3448 1313 3502 ettamen
1330 3450 1378 3505 iste
1412 3449 1413 3512 J

174 3554 184 3579 ο
282 3514 428 3591 modestus
451 3531 494 3579 est
516 3530 544 3579 ct
564 3524 789 3582 laborisamans.
832 3522 911 3592 Quid
924 3542 993 3581 vero
1006 3520 1171 3599 Dra'cyllns,
1184 3530 1217 3579 et
1231 3522 1377 3599 Euphori.
1412 3561 1413 3590 ;

282 3604 343 3677 cles,
359 3609 408 3659 aut
421 3602 570 3660 Prinides?
593 3607 709 3663 noritne
723 3606 823 3679 aliquis
837 3604 963 3662 restrum
977 3602 1134 3671 Ecbatana,
1147 3611 1200 3660 aut
1218 3602 1376 3665 Clraonael
1412 3609 1413 3656 ἒ

280 3692 404 3758 negant:
428 3686 475 3741 sed
488 3686 567 3741 novit
579 3685 627 3741 ille
638 3688 674 3741 de
688 3686 814 3764 Corcyra·
828 3688 962 3760 prosapia
974 3694 1005 3741 et
1017 3682 1187 3759 Lamachus,
1201 3686 1315 3757 quibus
1328 3685 1376 3745 nn·
1412 3681 1413 3706 ³

181 3824 187 3841 x
281 3780 345 3843 per,
361 3770 482 3841 propter
494 3768 599 3838 stipem'
608 3785 668 3822 non
682 3770 813 3824 collatam
826 3774 908 3823 etaes
918 3768 1052 3839 alienum,
1064 3766 1147 3821 amici
1161 3783 1273 3833 omues,
1286 3776 1322 3826 ut
1333 3788 1375 3827 so·

279 3842 341 3901 lent
363 3845 411 3918 qui
434 3846 543 3918 vesperi
562 3862 664 3918 aquam
685 3867 737 3922 per
749 3849 886 3905 fenestras
898 3847 1050 3904 effundunt
1069 3864 1124 3919 qua
1145 3847 1233 3920 pedes
1245 3849 1374 3925 abluere,
1412 3879 1413 3918 ;

279 3924 424 3996 dicebant,
439 3926 586 3983 Abscede,
675 3970 680 3978 .
1078 3943 1080 3951 ’
1412 3925 1413 3940 ’

322 4002 424 4063 ΒΑΜ.
446 4005 473 4063 0
489 4009 577 4083 plebis
590 4008 724 4067 licentia!
745 4009 870 4067 haccine
882 4026 951 4083 ergo
964 4013 1034 4065 aunt
1047 4006 1221 4066 toleranda?

320 4081 401 4142 DlC.
424 4084 493 4145 Non
507 4106 582 4155 sane,
593 4090 617 4146 si
630 4088 790 4148 Lamachus
803 4090 945 4163 stipendia
957 4107 1016 4147 non
1029 4094 1146 4146 mereat.
1237 4136 1242 4143 .
1412 4127 1413 4160 3

320 4161 424 4224 ΒΑΜ.
445 4167 488 4225 At
501 4187 554 4244 ego
567 4168 715 4231 advorsum
730 4169 954 4248 Peloponnesios
967 4188 1065 4229 omnes
1078 4171 1181 4229 bellurn
1194 4187 1314 4247 semper
1324 4186 1371 4247 gc·
1412 4205 1413 4212 κ
