<?xml version="1.0" encoding="UTF-8"?>
<!DOCTYPE html PUBLIC "-//W3C//DTD XHTML 1.0 Transitional//EN"
    "http://www.w3.org/TR/xhtml1/DTD/xhtml1-transitional.dtd">
<html xmlns="http://www.w3.org/1999/xhtml" xml:lang="en" lang="en">
 <head>
  <title>
</title>
<meta http-equiv="Content-Type" content="text/html;charset=utf-8" />
  <meta name='ocr-system' content='tesseract 3.04.00' />
  <meta name='ocr-capabilities' content='ocr_page ocr_carea ocr_par ocr_line ocrx_word'/>
</head>
<body>
  <div class='ocr_page' id='page_1' title='image "aristophaniscom00brungoog_0195.png"; bbox 0 0 2875 4984; ppageno 0'>
   <div class='ocr_carea' id='block_1_1' title="bbox 557 361 1167 439">
    <p class='ocr_par' dir='ltr' id='par_1_1' title="bbox 557 361 1167 439">
     <span class='ocr_line' id='line_1_1' title="bbox 557 361 1167 439; baseline 0.008 -6"><span class='ocrx_word' id='word_1_1' title='bbox 557 361 696 435; x_wconf 76' lang='lat' dir='ltr'><strong>avus.</strong></span> <span class='ocrx_word' id='word_1_2' title='bbox 1105 380 1167 439; x_wconf 81' lang='lat' dir='ltr'><strong>rar</strong></span> 
     </span>
    </p>
   </div>
   <div class='ocr_carea' id='block_1_2' title="bbox 37 526 1245 3765">
    <p class='ocr_par' dir='ltr' id='par_1_2' title="bbox 51 526 1157 687">
     <span class='ocr_line' id='line_1_2' title="bbox 97 526 1157 611; baseline 0.008 -23"><span class='ocrx_word' id='word_1_3' title='bbox 97 526 235 590; x_wconf 83' lang='lat' dir='ltr'><strong>CHOR.</strong></span> <span class='ocrx_word' id='word_1_4' title='bbox 259 528 338 601; x_wconf 88' lang='lat' dir='ltr'><strong>Quid</strong></span> <span class='ocrx_word' id='word_1_5' title='bbox 359 528 434 589; x_wconf 88' lang='lat' dir='ltr'><strong>euim</strong></span> <span class='ocrx_word' id='word_1_6' title='bbox 453 528 498 587; x_wconf 87' lang='lat' dir='ltr'><strong>his</strong></span> <span class='ocrx_word' id='word_1_7' title='bbox 518 530 607 605; x_wconf 80' lang='lat' dir='ltr'><strong>magis</strong></span> <span class='ocrx_word' id='word_1_8' title='bbox 630 547 786 605; x_wconf 82' lang='lat' dir='ltr'><strong>parcemus,</strong></span> <span class='ocrx_word' id='word_1_9' title='bbox 799 541 883 603; x_wconf 84' lang='lat' dir='ltr'><strong>quam</strong></span> <span class='ocrx_word' id='word_1_10' title='bbox 903 528 998 607; x_wconf 75' lang='lat' dir='ltr'><strong>lupis?</strong></span> <span class='ocrx_word' id='word_1_11' title='bbox 1019 536 1070 593; x_wconf 86' lang='lat' dir='ltr'><strong>aut</strong></span> <span class='ocrx_word' id='word_1_12' title='bbox 1084 552 1157 611; x_wconf 89' lang='lat' dir='ltr'><strong>quor</strong></span> 
     </span>
     <span class='ocr_line' id='line_1_3' title="bbox 51 608 853 687; baseline 0.004 -22"><span class='ocrx_word' id='word_1_13' title='bbox 51 608 129 666; x_wconf 87' lang='lat' dir='ltr'><strong>alios</strong></span> <span class='ocrx_word' id='word_1_14' title='bbox 145 614 318 686; x_wconf 79' lang='lat' dir='ltr'><strong>puniemur,</strong></span> <span class='ocrx_word' id='word_1_15' title='bbox 333 615 383 687; x_wconf 89' lang='lat' dir='ltr'><strong>qui</strong></span> <span class='ocrx_word' id='word_1_16' title='bbox 396 614 479 671; x_wconf 86' lang='lat' dir='ltr'><strong>nobis</strong></span> <span class='ocrx_word' id='word_1_17' title='bbox 492 612 586 669; x_wconf 89' lang='lat' dir='ltr'><strong>adhuc</strong></span> <span class='ocrx_word' id='word_1_18' title='bbox 597 612 768 671; x_wconf 88' lang='lat' dir='ltr'><strong>inimiciores</strong></span> <span class='ocrx_word' id='word_1_19' title='bbox 779 610 853 669; x_wconf 82' lang='lat' dir='ltr'><strong>sint?</strong></span> 
     </span>
    </p>

    <p class='ocr_par' dir='ltr' id='par_1_3' title="bbox 51 689 1153 849">
     <span class='ocr_line' id='line_1_4' title="bbox 93 689 1153 777; baseline 0.01 -31"><span class='ocrx_word' id='word_1_20' title='bbox 93 689 160 750; x_wconf 84' lang='grc' dir='ltr'><strong>ΕΡ.</strong></span> <span class='ocrx_word' id='word_1_21' title='bbox 186 698 239 751; x_wconf 88' lang='lat' dir='ltr'><strong>At</strong></span> <span class='ocrx_word' id='word_1_22' title='bbox 258 697 280 752; x_wconf 92' lang='lat' dir='ltr'><strong>si</strong></span> <span class='ocrx_word' id='word_1_23' title='bbox 300 702 403 751; x_wconf 90' lang='lat' dir='ltr'><strong>natura</strong></span> <span class='ocrx_word' id='word_1_24' title='bbox 416 694 529 768; x_wconf 91' lang='lat' dir='ltr'><strong>quidem</strong></span> <span class='ocrx_word' id='word_1_25' title='bbox 542 700 611 775; x_wconf 84' lang='lat' dir='ltr'><strong>sunt</strong></span> <span class='ocrx_word' id='word_1_26' title='bbox 626 693 745 767; x_wconf 87' lang='lat' dir='ltr'><strong>inimici,</strong></span> <span class='ocrx_word' id='word_1_27' title='bbox 759 695 855 753; x_wconf 90' lang='lat' dir='ltr'><strong>animo</strong></span> <span class='ocrx_word' id='word_1_28' title='bbox 869 698 963 753; x_wconf 88' lang='lat' dir='ltr'><strong>tamen</strong></span> <span class='ocrx_word' id='word_1_29' title='bbox 976 696 1153 777; x_wconf 80' lang='lat' dir='ltr'><strong>amicisset,</strong></span> 
     </span>
     <span class='ocr_line' id='line_1_5' title="bbox 51 775 903 849; baseline 0.009 -23"><span class='ocrx_word' id='word_1_30' title='bbox 51 776 139 842; x_wconf 86' lang='lat' dir='ltr'><strong>atque</strong></span> <span class='ocrx_word' id='word_1_31' title='bbox 152 775 222 833; x_wconf 91' lang='lat' dir='ltr'><strong>huc</strong></span> <span class='ocrx_word' id='word_1_32' title='bbox 237 778 321 834; x_wconf 90' lang='lat' dir='ltr'><strong>etiam</strong></span> <span class='ocrx_word' id='word_1_33' title='bbox 335 778 464 849; x_wconf 81' lang='lat' dir='ltr'><strong>veniunt,</strong></span> <span class='ocrx_word' id='word_1_34' title='bbox 478 780 512 832; x_wconf 87' lang='lat' dir='ltr'><strong>ut</strong></span> <span class='ocrx_word' id='word_1_35' title='bbox 523 776 592 836; x_wconf 89' lang='lat' dir='ltr'><strong>utile</strong></span> <span class='ocrx_word' id='word_1_36' title='bbox 605 778 673 848; x_wconf 91' lang='lat' dir='ltr'><strong>quid</strong></span> <span class='ocrx_word' id='word_1_37' title='bbox 689 793 740 833; x_wconf 88' lang='lat' dir='ltr'><strong>ros</strong></span> <span class='ocrx_word' id='word_1_38' title='bbox 754 776 903 834; x_wconf 86' lang='lat' dir='ltr'><strong>edoceant.</strong></span> 
     </span>
    </p>

    <p class='ocr_par' dir='ltr' id='par_1_4' title="bbox 52 851 1175 1012">
     <span class='ocr_line' id='line_1_6' title="bbox 91 851 1150 937; baseline 0.008 -28"><span class='ocrx_word' id='word_1_39' title='bbox 91 851 237 913; x_wconf 84' lang='lat' dir='ltr'><strong>CHOR.</strong></span> <span class='ocrx_word' id='word_1_40' title='bbox 259 854 328 925; x_wconf 86' lang='lat' dir='ltr'><strong>Quo</strong></span> <span class='ocrx_word' id='word_1_41' title='bbox 353 858 465 914; x_wconf 91' lang='lat' dir='ltr'><strong>tandem</strong></span> <span class='ocrx_word' id='word_1_42' title='bbox 486 855 516 912; x_wconf 91' lang='lat' dir='ltr'><strong>hi</strong></span> <span class='ocrx_word' id='word_1_43' title='bbox 536 858 624 913; x_wconf 89' lang='lat' dir='ltr'><strong>modo</strong></span> <span class='ocrx_word' id='word_1_44' title='bbox 647 854 716 913; x_wconf 86' lang='lat' dir='ltr'><strong>utile</strong></span> <span class='ocrx_word' id='word_1_45' title='bbox 731 854 800 928; x_wconf 90' lang='lat' dir='ltr'><strong>quid</strong></span> <span class='ocrx_word' id='word_1_46' title='bbox 823 875 876 914; x_wconf 89' lang='lat' dir='ltr'><strong>uos</strong></span> <span class='ocrx_word' id='word_1_47' title='bbox 894 856 1015 916; x_wconf 83' lang='lat' dir='ltr'><strong>edocere</strong></span> <span class='ocrx_word' id='word_1_48' title='bbox 1030 864 1150 937; x_wconf 79' lang='lat' dir='ltr'><strong>queant,</strong></span> 
     </span>
     <span class='ocr_line' id='line_1_7' title="bbox 52 936 1175 1012; baseline 0.007 -23"><span class='ocrx_word' id='word_1_49' title='bbox 52 940 104 989; x_wconf 87' lang='lat' dir='ltr'><strong>ant</strong></span> <span class='ocrx_word' id='word_1_50' title='bbox 118 938 297 1011; x_wconf 81' lang='lat' dir='ltr'><strong>ostendere,</strong></span> <span class='ocrx_word' id='word_1_51' title='bbox 311 940 359 1010; x_wconf 91' lang='lat' dir='ltr'><strong>qui</strong></span> <span class='ocrx_word' id='word_1_52' title='bbox 371 939 430 995; x_wconf 82' lang='lat' dir='ltr'><strong>aris</strong></span> <span class='ocrx_word' id='word_1_53' title='bbox 440 936 501 1012; x_wconf 89' lang='lat' dir='ltr'><strong>jam</strong></span> <span class='ocrx_word' id='word_1_54' title='bbox 513 938 581 995; x_wconf 89' lang='lat' dir='ltr'><strong>meis</strong></span> <span class='ocrx_word' id='word_1_55' title='bbox 593 938 755 995; x_wconf 80' lang='lat' dir='ltr'>exstiterint</span> <span class='ocrx_word' id='word_1_56' title='bbox 766 936 883 995; x_wconf 81' lang='lat' dir='ltr'><strong>hostes?</strong></span> <span class='ocrx_word' id='word_1_57' title='bbox 1173 991 1175 997; x_wconf 91' lang='lat'><strong>.</strong></span> 
     </span>
    </p>

    <p class='ocr_par' dir='ltr' id='par_1_5' title="bbox 54 1012 1156 1419">
     <span class='ocr_line' id='line_1_8' title="bbox 92 1012 1153 1091; baseline 0.008 -20"><span class='ocrx_word' id='word_1_58' title='bbox 92 1012 159 1074; x_wconf 88' lang='grc' dir='ltr'><strong>ΕΡ.</strong></span> <span class='ocrx_word' id='word_1_59' title='bbox 184 1016 247 1076; x_wconf 86' lang='lat' dir='ltr'><strong>Sed</strong></span> <span class='ocrx_word' id='word_1_60' title='bbox 268 1018 305 1075; x_wconf 91' lang='lat' dir='ltr'><strong>ab</strong></span> <span class='ocrx_word' id='word_1_61' title='bbox 317 1018 439 1077; x_wconf 88' lang='lat' dir='ltr'><strong>inimicis</strong></span> <span class='ocrx_word' id='word_1_62' title='bbox 453 1036 519 1076; x_wconf 89' lang='lat' dir='ltr'><strong>sane</strong></span> <span class='ocrx_word' id='word_1_63' title='bbox 532 1020 622 1075; x_wconf 88' lang='lat' dir='ltr'><strong>multa</strong></span> <span class='ocrx_word' id='word_1_64' title='bbox 635 1022 749 1076; x_wconf 83' lang='lat' dir='ltr'><strong>discant</strong></span> <span class='ocrx_word' id='word_1_65' title='bbox 763 1022 916 1091; x_wconf 87' lang='lat' dir='ltr'><strong>sapientes.</strong></span> <span class='ocrx_word' id='word_1_66' title='bbox 957 1016 1063 1077; x_wconf 89' lang='lat' dir='ltr'><strong>Cautio</strong></span> <span class='ocrx_word' id='word_1_67' title='bbox 1077 1019 1153 1081; x_wconf 89' lang='lat' dir='ltr'><strong>euim</strong></span> 
     </span>
     <span class='ocr_line' id='line_1_9' title="bbox 54 1098 1154 1161; baseline 0.007 -12"><span class='ocrx_word' id='word_1_68' title='bbox 54 1098 155 1154; x_wconf 86' lang='lat' dir='ltr'><strong>omnia</strong></span> <span class='ocrx_word' id='word_1_69' title='bbox 171 1109 349 1158; x_wconf 81' lang='lat' dir='ltr'><strong>conservat:</strong></span> <span class='ocrx_word' id='word_1_70' title='bbox 371 1104 408 1158; x_wconf 90' lang='lat' dir='ltr'><strong>ab</strong></span> <span class='ocrx_word' id='word_1_71' title='bbox 421 1101 513 1159; x_wconf 91' lang='lat' dir='ltr'><strong>amico</strong></span> <span class='ocrx_word' id='word_1_72' title='bbox 526 1106 621 1158; x_wconf 87' lang='lat' dir='ltr'><strong>autem</strong></span> <span class='ocrx_word' id='word_1_73' title='bbox 638 1102 715 1157; x_wconf 89' lang='lat' dir='ltr'><strong>illam</strong></span> <span class='ocrx_word' id='word_1_74' title='bbox 729 1114 789 1157; x_wconf 90' lang='lat' dir='ltr'><strong>nou</strong></span> <span class='ocrx_word' id='word_1_75' title='bbox 803 1100 914 1161; x_wconf 85' lang='lat' dir='ltr'><strong>discas:</strong></span> <span class='ocrx_word' id='word_1_76' title='bbox 937 1107 969 1157; x_wconf 89' lang='lat' dir='ltr'><strong>at</strong></span> <span class='ocrx_word' id='word_1_77' title='bbox 981 1101 1070 1158; x_wconf 88' lang='lat' dir='ltr'><strong>hostis</strong></span> <span class='ocrx_word' id='word_1_78' title='bbox 1085 1122 1154 1161; x_wconf 87' lang='lat' dir='ltr'><strong>ceu.</strong></span> 
     </span>
     <span class='ocr_line' id='line_1_10' title="bbox 54 1180 1154 1256; baseline 0.006 -27"><span class='ocrx_word' id='word_1_79' title='bbox 54 1180 100 1231; x_wconf 89' lang='lat' dir='ltr'><strong>tos</strong></span> <span class='ocrx_word' id='word_1_80' title='bbox 123 1197 193 1238; x_wconf 88' lang='lat' dir='ltr'><strong>esse</strong></span> <span class='ocrx_word' id='word_1_81' title='bbox 211 1200 270 1238; x_wconf 89' lang='lat' dir='ltr'><strong>nos</strong></span> <span class='ocrx_word' id='word_1_82' title='bbox 291 1181 396 1256; x_wconf 75' lang='lat' dir='ltr'><strong>coligit.</strong></span> <span class='ocrx_word' id='word_1_83' title='bbox 436 1180 561 1243; x_wconf 86' lang='lat' dir='ltr'><strong>Primum</strong></span> <span class='ocrx_word' id='word_1_84' title='bbox 575 1182 649 1239; x_wconf 88' lang='lat' dir='ltr'><strong>enim</strong></span> <span class='ocrx_word' id='word_1_85' title='bbox 664 1181 791 1239; x_wconf 79' lang='lat' dir='ltr'><strong>civitates</strong></span> <span class='ocrx_word' id='word_1_86' title='bbox 813 1182 851 1238; x_wconf 84' lang='lat' dir='ltr'><strong>ab</strong></span> <span class='ocrx_word' id='word_1_87' title='bbox 874 1182 1034 1239; x_wconf 82' lang='lat' dir='ltr'><strong>homiuibus</strong></span> <span class='ocrx_word' id='word_1_88' title='bbox 1047 1184 1154 1241; x_wconf 77' lang='lat' dir='ltr'><strong>didice.</strong></span> 
     </span>
     <span class='ocr_line' id='line_1_11' title="bbox 55 1260 1156 1336; baseline 0.014 -26"><span class='ocrx_word' id='word_1_89' title='bbox 55 1264 127 1314; x_wconf 91' lang='lat' dir='ltr'><strong>runt</strong></span> <span class='ocrx_word' id='word_1_90' title='bbox 149 1260 299 1335; x_wconf 75' lang='lat' dir='ltr'><strong>hostibus,</strong></span> <span class='ocrx_word' id='word_1_91' title='bbox 315 1281 374 1320; x_wconf 91' lang='lat' dir='ltr'><strong>non</strong></span> <span class='ocrx_word' id='word_1_92' title='bbox 396 1264 504 1336; x_wconf 88' lang='lat' dir='ltr'><strong>amicis,</strong></span> <span class='ocrx_word' id='word_1_93' title='bbox 517 1268 663 1321; x_wconf 78' lang='lat' dir='ltr'><strong>exstruere</strong></span> <span class='ocrx_word' id='word_1_94' title='bbox 683 1263 743 1319; x_wconf 87' lang='lat' dir='ltr'><strong>alta</strong></span> <span class='ocrx_word' id='word_1_95' title='bbox 762 1263 877 1336; x_wconf 86' lang='lat' dir='ltr'><strong>moeuia,</strong></span> <span class='ocrx_word' id='word_1_96' title='bbox 891 1270 921 1321; x_wconf 90' lang='lat' dir='ltr'><strong>et</strong></span> <span class='ocrx_word' id='word_1_97' title='bbox 944 1282 1028 1321; x_wconf 86' lang='lat' dir='ltr'><strong>naves</strong></span> <span class='ocrx_word' id='word_1_98' title='bbox 1050 1265 1156 1325; x_wconf 81' lang='lat' dir='ltr'><strong>habers</strong></span> 
     </span>
     <span class='ocr_line' id='line_1_12' title="bbox 56 1337 1040 1419; baseline 0.008 -26"><span class='ocrx_word' id='word_1_99' title='bbox 56 1337 184 1413; x_wconf 85' lang='lat' dir='ltr'><strong>longas:</strong></span> <span class='ocrx_word' id='word_1_100' title='bbox 212 1344 289 1401; x_wconf 86' lang='lat' dir='ltr'><strong>istuc</strong></span> <span class='ocrx_word' id='word_1_101' title='bbox 302 1351 396 1401; x_wconf 86' lang='lat' dir='ltr'><strong>autem</strong></span> <span class='ocrx_word' id='word_1_102' title='bbox 410 1348 554 1419; x_wconf 85' lang='lat' dir='ltr'><strong>repertum</strong></span> <span class='ocrx_word' id='word_1_103' title='bbox 569 1354 664 1402; x_wconf 85' lang='lat' dir='ltr'><strong>serrat</strong></span> <span class='ocrx_word' id='word_1_104' title='bbox 675 1344 793 1419; x_wconf 87' lang='lat' dir='ltr'><strong>liberos,</strong></span> <span class='ocrx_word' id='word_1_105' title='bbox 809 1344 955 1416; x_wconf 78' lang='lat' dir='ltr'><strong>familiam,</strong></span> <span class='ocrx_word' id='word_1_106' title='bbox 971 1364 1040 1401; x_wconf 91' lang='lat' dir='ltr'><strong>rem.</strong></span> 
     </span>
    </p>

    <p class='ocr_par' dir='ltr' id='par_1_6' title="bbox 58 1415 1154 1579">
     <span class='ocr_line' id='line_1_13' title="bbox 99 1415 1154 1498; baseline 0.009 -21"><span class='ocrx_word' id='word_1_107' title='bbox 99 1415 240 1483; x_wconf 80' lang='lat' dir='ltr'><strong>CHOR.</strong></span> <span class='ocrx_word' id='word_1_108' title='bbox 265 1427 366 1498; x_wconf 83' lang='lat' dir='ltr'><strong>Atqui,</strong></span> <span class='ocrx_word' id='word_1_109' title='bbox 379 1423 422 1483; x_wconf 89' lang='lat' dir='ltr'><strong>uti</strong></span> <span class='ocrx_word' id='word_1_110' title='bbox 442 1426 525 1481; x_wconf 91' lang='lat' dir='ltr'><strong>nobis</strong></span> <span class='ocrx_word' id='word_1_111' title='bbox 539 1426 663 1497; x_wconf 80' lang='lat' dir='ltr'><strong>ridetur,</strong></span> <span class='ocrx_word' id='word_1_112' title='bbox 680 1442 822 1482; x_wconf 82' lang='lat' dir='ltr'><strong>sermones</strong></span> <span class='ocrx_word' id='word_1_113' title='bbox 836 1427 959 1498; x_wconf 86' lang='lat' dir='ltr'><strong>primum</strong></span> <span class='ocrx_word' id='word_1_114' title='bbox 972 1426 1072 1485; x_wconf 81' lang='lat' dir='ltr'><strong>audire</strong></span> <span class='ocrx_word' id='word_1_115' title='bbox 1085 1428 1154 1486; x_wconf 87' lang='lat' dir='ltr'><strong>utile</strong></span> 
     </span>
     <span class='ocr_line' id='line_1_14' title="bbox 58 1505 916 1579; baseline 0.009 -24"><span class='ocrx_word' id='word_1_116' title='bbox 58 1506 102 1556; x_wconf 88' lang='lat' dir='ltr'><strong>est</strong></span> <span class='ocrx_word' id='word_1_117' title='bbox 114 1521 124 1558; x_wconf 90' lang='lat'><strong>:</strong></span> <span class='ocrx_word' id='word_1_118' title='bbox 148 1506 251 1562; x_wconf 84' lang='lat' dir='ltr'><strong>diseat</strong></span> <span class='ocrx_word' id='word_1_119' title='bbox 263 1509 336 1565; x_wconf 90' lang='lat' dir='ltr'><strong>enim</strong></span> <span class='ocrx_word' id='word_1_120' title='bbox 350 1508 413 1579; x_wconf 89' lang='lat' dir='ltr'><strong>quis</strong></span> <span class='ocrx_word' id='word_1_121' title='bbox 426 1515 456 1564; x_wconf 90' lang='lat' dir='ltr'><strong>et</strong></span> <span class='ocrx_word' id='word_1_122' title='bbox 468 1509 506 1565; x_wconf 92' lang='lat' dir='ltr'><strong>ab</strong></span> <span class='ocrx_word' id='word_1_123' title='bbox 518 1505 636 1564; x_wconf 90' lang='lat' dir='ltr'><strong>inimicis</strong></span> <span class='ocrx_word' id='word_1_124' title='bbox 647 1506 759 1579; x_wconf 90' lang='lat' dir='ltr'><strong>sapiens</strong></span> <span class='ocrx_word' id='word_1_125' title='bbox 772 1506 916 1577; x_wconf 80' lang='lat' dir='ltr'><strong>quiddam.</strong></span> 
     </span>
    </p>

    <p class='ocr_par' dir='ltr' id='par_1_7' title="bbox 100 1580 1152 1661">
     <span class='ocr_line' id='line_1_15' title="bbox 100 1580 1152 1661; baseline 0.006 -22"><span class='ocrx_word' id='word_1_126' title='bbox 100 1580 242 1644; x_wconf 81' lang='lat' dir='ltr'><strong>PISTH.</strong></span> <span class='ocrx_word' id='word_1_127' title='bbox 264 1586 303 1644; x_wconf 88' lang='lat' dir='ltr'><strong>Hi</strong></span> <span class='ocrx_word' id='word_1_128' title='bbox 316 1588 386 1646; x_wconf 83' lang='lat' dir='ltr'><strong>reru</strong></span> <span class='ocrx_word' id='word_1_129' title='bbox 398 1590 469 1645; x_wconf 91' lang='lat' dir='ltr'><strong>iram</strong></span> <span class='ocrx_word' id='word_1_130' title='bbox 484 1589 628 1645; x_wconf 87' lang='lat' dir='ltr'><strong>remittere</strong></span> <span class='ocrx_word' id='word_1_131' title='bbox 640 1584 792 1643; x_wconf 78' lang='lat' dir='ltr'><strong>videntur:</strong></span> <span class='ocrx_word' id='word_1_132' title='bbox 816 1593 895 1644; x_wconf 89' lang='lat' dir='ltr'><strong>retro</strong></span> <span class='ocrx_word' id='word_1_133' title='bbox 906 1604 1061 1661; x_wconf 79' lang='lat' dir='ltr'><strong>parumper</strong></span> <span class='ocrx_word' id='word_1_134' title='bbox 1074 1588 1152 1645; x_wconf 88' lang='lat' dir='ltr'><strong>cede.</strong></span> 
     </span>
    </p>

    <p class='ocr_par' dir='ltr' id='par_1_8' title="bbox 59 1661 1154 1815">
     <span class='ocr_line' id='line_1_16' title="bbox 99 1661 1154 1745; baseline 0.008 -26"><span class='ocrx_word' id='word_1_135' title='bbox 99 1661 165 1724; x_wconf 89' lang='grc' dir='ltr'><strong>ΕΡ.</strong></span> <span class='ocrx_word' id='word_1_136' title='bbox 191 1666 272 1726; x_wconf 88' lang='lat' dir='ltr'><strong>Illud</strong></span> <span class='ocrx_word' id='word_1_137' title='bbox 286 1688 355 1727; x_wconf 85' lang='lat' dir='ltr'><strong>vero</strong></span> <span class='ocrx_word' id='word_1_138' title='bbox 364 1668 476 1745; x_wconf 84' lang='lat' dir='ltr'><strong>justum</strong></span> <span class='ocrx_word' id='word_1_139' title='bbox 489 1676 532 1727; x_wconf 88' lang='lat' dir='ltr'><strong>est</strong></span> <span class='ocrx_word' id='word_1_140' title='bbox 543 1688 553 1742; x_wconf 83' lang='lat'>3</span> <span class='ocrx_word' id='word_1_141' title='bbox 575 1668 702 1741; x_wconf 88' lang='lat' dir='ltr'><strong>mihique</strong></span> <span class='ocrx_word' id='word_1_142' title='bbox 715 1668 789 1725; x_wconf 89' lang='lat' dir='ltr'><strong>hanc</strong></span> <span class='ocrx_word' id='word_1_143' title='bbox 801 1684 851 1725; x_wconf 86' lang='lat' dir='ltr'><strong>vos</strong></span> <span class='ocrx_word' id='word_1_144' title='bbox 864 1668 983 1742; x_wconf 84' lang='lat' dir='ltr'><strong>gratiam</strong></span> <span class='ocrx_word' id='word_1_145' title='bbox 996 1666 1091 1728; x_wconf 84' lang='lat' dir='ltr'><strong>tacere</strong></span> <span class='ocrx_word' id='word_1_146' title='bbox 1104 1668 1154 1727; x_wconf 86' lang='lat' dir='ltr'><strong>de·</strong></span> 
     </span>
     <span class='ocr_line' id='line_1_17' title="bbox 59 1745 175 1815; baseline 0.009 -17"><span class='ocrx_word' id='word_1_147' title='bbox 59 1749 114 1800; x_wconf 90' lang='lat' dir='ltr'><strong>cet.</strong></span> <span class='ocrx_word' id='word_1_148' title='bbox 134 1745 139 1756; x_wconf 75' lang='grc'><strong>“</strong></span> <span class='ocrx_word' id='word_1_149' title='bbox 163 1794 175 1815; x_wconf 70' lang='lat'><strong>,</strong></span> 
     </span>
    </p>

    <p class='ocr_par' dir='ltr' id='par_1_9' title="bbox 100 1818 1111 1904">
     <span class='ocr_line' id='line_1_18' title="bbox 100 1818 1111 1904; baseline 0.004 -21"><span class='ocrx_word' id='word_1_150' title='bbox 100 1822 236 1885; x_wconf 81' lang='lat' dir='ltr'><strong>CHOR.</strong></span> <span class='ocrx_word' id='word_1_151' title='bbox 260 1826 298 1885; x_wconf 83' lang='lat' dir='ltr'><strong>Et</strong></span> <span class='ocrx_word' id='word_1_152' title='bbox 310 1830 419 1887; x_wconf 89' lang='lat' dir='ltr'><strong>sanein</strong></span> <span class='ocrx_word' id='word_1_153' title='bbox 434 1831 513 1887; x_wconf 89' lang='lat' dir='ltr'><strong>nulla</strong></span> <span class='ocrx_word' id='word_1_154' title='bbox 525 1830 582 1887; x_wconf 89' lang='lat' dir='ltr'><strong>alia</strong></span> <span class='ocrx_word' id='word_1_155' title='bbox 593 1848 718 1904; x_wconf 84' lang='lat' dir='ltr'><strong>unquam</strong></span> <span class='ocrx_word' id='word_1_156' title='bbox 734 1831 786 1887; x_wconf 93' lang='lat' dir='ltr'><strong>tibi</strong></span> <span class='ocrx_word' id='word_1_157' title='bbox 801 1847 831 1888; x_wconf 88' lang='lat' dir='ltr'><strong>re</strong></span> <span class='ocrx_word' id='word_1_158' title='bbox 845 1827 983 1886; x_wconf 90' lang='lat' dir='ltr'><strong>contrarii</strong></span> <span class='ocrx_word' id='word_1_159' title='bbox 995 1818 1111 1887; x_wconf 75' lang='lat' dir='ltr'><strong>inimus.</strong></span> 
     </span>
    </p>

    <p class='ocr_par' dir='ltr' id='par_1_10' title="bbox 63 1903 1199 2286">
     <span class='ocr_line' id='line_1_19' title="bbox 100 1903 1155 1985; baseline 0.009 -23"><span class='ocrx_word' id='word_1_160' title='bbox 100 1903 241 1968; x_wconf 89' lang='lat' dir='ltr'><strong>PISTH.</strong></span> <span class='ocrx_word' id='word_1_161' title='bbox 262 1908 357 1985; x_wconf 83' lang='lat' dir='ltr'><strong>Magis</strong></span> <span class='ocrx_word' id='word_1_162' title='bbox 381 1929 480 1985; x_wconf 82' lang='lat' dir='ltr'><strong>pacem</strong></span> <span class='ocrx_word' id='word_1_163' title='bbox 502 1919 593 1984; x_wconf 84' lang='lat' dir='ltr'><strong>agunt</strong></span> <span class='ocrx_word' id='word_1_164' title='bbox 615 1913 785 1969; x_wconf 86' lang='lat' dir='ltr'><strong>nobiscum:</strong></span> <span class='ocrx_word' id='word_1_165' title='bbox 815 1917 995 1984; x_wconf 88' lang='lat' dir='ltr'><strong>quapropter</strong></span> <span class='ocrx_word' id='word_1_166' title='bbox 1016 1912 1101 1968; x_wconf 89' lang='lat' dir='ltr'><strong>ollam</strong></span> <span class='ocrx_word' id='word_1_167' title='bbox 1124 1916 1155 1971; x_wconf 88' lang='lat' dir='ltr'><strong>et</strong></span> 
     </span>
     <span class='ocr_line' id='line_1_20' title="bbox 65 1989 1154 2065; baseline 0.008 -22"><span class='ocrx_word' id='word_1_168' title='bbox 65 1989 178 2046; x_wconf 86' lang='lat' dir='ltr'><strong>catinos</strong></span> <span class='ocrx_word' id='word_1_169' title='bbox 205 1990 284 2050; x_wconf 93' lang='lat' dir='ltr'><strong>humi</strong></span> <span class='ocrx_word' id='word_1_170' title='bbox 306 1994 439 2065; x_wconf 87' lang='lat' dir='ltr'><strong>depone:</strong></span> <span class='ocrx_word' id='word_1_171' title='bbox 465 1997 494 2049; x_wconf 89' lang='lat' dir='ltr'><strong>et</strong></span> <span class='ocrx_word' id='word_1_172' title='bbox 513 1991 622 2049; x_wconf 87' lang='lat' dir='ltr'><strong>hastam</strong></span> <span class='ocrx_word' id='word_1_173' title='bbox 645 1998 773 2065; x_wconf 86' lang='lat' dir='ltr'><strong>oportet,</strong></span> <span class='ocrx_word' id='word_1_174' title='bbox 787 1990 842 2048; x_wconf 88' lang='lat' dir='ltr'><strong>hoc</strong></span> <span class='ocrx_word' id='word_1_175' title='bbox 863 1990 980 2064; x_wconf 88' lang='lat' dir='ltr'><strong>inquam</strong></span> <span class='ocrx_word' id='word_1_176' title='bbox 1004 2010 1085 2062; x_wconf 87' lang='lat' dir='ltr'><strong>reru,</strong></span> <span class='ocrx_word' id='word_1_177' title='bbox 1100 2010 1154 2053; x_wconf 86' lang='lat' dir='ltr'><strong>nos</strong></span> 
     </span>
     <span class='ocr_line' id='line_1_21' title="bbox 63 2067 1154 2147; baseline 0.008 -25"><span class='ocrx_word' id='word_1_178' title='bbox 63 2067 255 2129; x_wconf 86' lang='lat' dir='ltr'><strong>deambulare</strong></span> <span class='ocrx_word' id='word_1_179' title='bbox 277 2078 405 2132; x_wconf 86' lang='lat' dir='ltr'><strong>tenentes</strong></span> <span class='ocrx_word' id='word_1_180' title='bbox 427 2074 505 2129; x_wconf 87' lang='lat' dir='ltr'><strong>iutra</strong></span> <span class='ocrx_word' id='word_1_181' title='bbox 527 2078 633 2147; x_wconf 88' lang='lat' dir='ltr'><strong>castra,</strong></span> <span class='ocrx_word' id='word_1_182' title='bbox 646 2072 683 2128; x_wconf 89' lang='lat' dir='ltr'><strong>ad</strong></span> <span class='ocrx_word' id='word_1_183' title='bbox 703 2074 793 2147; x_wconf 82' lang='lat' dir='ltr'><strong>ipsam</strong></span> <span class='ocrx_word' id='word_1_184' title='bbox 809 2072 905 2145; x_wconf 87' lang='lat' dir='ltr'><strong>ollam,</strong></span> <span class='ocrx_word' id='word_1_185' title='bbox 919 2079 1074 2130; x_wconf 86' lang='lat' dir='ltr'><strong>extremam</strong></span> <span class='ocrx_word' id='word_1_186' title='bbox 1090 2090 1154 2131; x_wconf 87' lang='lat' dir='ltr'><strong>eam</strong></span> 
     </span>
     <span class='ocr_line' id='line_1_22' title="bbox 64 2151 1199 2229; baseline 0.009 -27"><span class='ocrx_word' id='word_1_187' title='bbox 64 2152 255 2222; x_wconf 85' lang='lat' dir='ltr'><strong>respicientes</strong></span> <span class='ocrx_word' id='word_1_188' title='bbox 282 2172 299 2211; x_wconf 94' lang='lat' dir='ltr'><strong>e</strong></span> <span class='ocrx_word' id='word_1_189' title='bbox 324 2152 503 2229; x_wconf 84' lang='lat' dir='ltr'><strong>propinquo.</strong></span> <span class='ocrx_word' id='word_1_190' title='bbox 553 2151 743 2228; x_wconf 84' lang='lat' dir='ltr'><strong>Nequaquam</strong></span> <span class='ocrx_word' id='word_1_191' title='bbox 774 2154 849 2210; x_wconf 89' lang='lat' dir='ltr'><strong>enim</strong></span> <span class='ocrx_word' id='word_1_192' title='bbox 877 2152 962 2211; x_wconf 92' lang='lat' dir='ltr'><strong>nobis</strong></span> <span class='ocrx_word' id='word_1_193' title='bbox 987 2153 1154 2229; x_wconf 82' lang='lat' dir='ltr'><strong>fugiendum</strong></span> <span class='ocrx_word' id='word_1_194' title='bbox 1195 2158 1199 2165; x_wconf 82' lang='grc'><strong>”</strong></span> 
     </span>
     <span class='ocr_line' id='line_1_23' title="bbox 64 2236 113 2286; baseline 0.02 -1"><span class='ocrx_word' id='word_1_195' title='bbox 64 2236 113 2286; x_wconf 84' lang='lat' dir='ltr'><strong>est.</strong></span> 
     </span>
    </p>

    <p class='ocr_par' dir='ltr' id='par_1_11' title="bbox 65 2308 1155 2464">
     <span class='ocr_line' id='line_1_24' title="bbox 101 2308 1155 2390; baseline 0.002 -23"><span class='ocrx_word' id='word_1_196' title='bbox 101 2308 231 2373; x_wconf 83' lang='lat' dir='ltr'><strong>EUEL.</strong></span> <span class='ocrx_word' id='word_1_197' title='bbox 253 2312 334 2375; x_wconf 84' lang='lat' dir='ltr'><strong>Vera</strong></span> <span class='ocrx_word' id='word_1_198' title='bbox 346 2314 486 2390; x_wconf 86' lang='lat' dir='ltr'><strong>loqueris:</strong></span> <span class='ocrx_word' id='word_1_199' title='bbox 509 2314 533 2373; x_wconf 91' lang='lat' dir='ltr'><strong>si</strong></span> <span class='ocrx_word' id='word_1_200' title='bbox 549 2319 642 2373; x_wconf 85' lang='lat' dir='ltr'><strong>tamen</strong></span> <span class='ocrx_word' id='word_1_201' title='bbox 656 2314 885 2390; x_wconf 85' lang='lat' dir='ltr'><strong>occubuerimus,</strong></span> <span class='ocrx_word' id='word_1_202' title='bbox 900 2314 947 2373; x_wconf 90' lang='lat' dir='ltr'><strong>ubi</strong></span> <span class='ocrx_word' id='word_1_203' title='bbox 958 2318 1097 2373; x_wconf 86' lang='lat' dir='ltr'><strong>terrarum</strong></span> <span class='ocrx_word' id='word_1_204' title='bbox 1111 2333 1155 2375; x_wconf 88' lang='lat' dir='ltr'><strong>re.</strong></span> 
     </span>
     <span class='ocr_line' id='line_1_25' title="bbox 65 2392 230 2464; baseline 0.042 -17"><span class='ocrx_word' id='word_1_205' title='bbox 65 2392 230 2464; x_wconf 80' lang='lat' dir='ltr'><strong>peliemur?</strong></span> 
     </span>
    </p>

    <p class='ocr_par' dir='ltr' id='par_1_12' title="bbox 65 2470 1245 2690">
     <span class='ocr_line' id='line_1_26' title="bbox 104 2470 1198 2551; baseline 0.006 -22"><span class='ocrx_word' id='word_1_206' title='bbox 104 2470 241 2534; x_wconf 84' lang='lat' dir='ltr'><strong>PISTH.</strong></span> <span class='ocrx_word' id='word_1_207' title='bbox 263 2476 427 2535; x_wconf 88' lang='lat' dir='ltr'><strong>Ceramicus</strong></span> <span class='ocrx_word' id='word_1_208' title='bbox 452 2495 505 2535; x_wconf 88' lang='lat' dir='ltr'><strong>nos</strong></span> <span class='ocrx_word' id='word_1_209' title='bbox 527 2477 661 2550; x_wconf 77' lang='lat' dir='ltr'><strong>excipiet.</strong></span> <span class='ocrx_word' id='word_1_210' title='bbox 703 2474 748 2535; x_wconf 90' lang='lat' dir='ltr'><strong>Ut</strong></span> <span class='ocrx_word' id='word_1_211' title='bbox 768 2480 841 2535; x_wconf 88' lang='lat' dir='ltr'><strong>enim</strong></span> <span class='ocrx_word' id='word_1_212' title='bbox 864 2476 975 2551; x_wconf 90' lang='lat' dir='ltr'><strong>publice</strong></span> <span class='ocrx_word' id='word_1_213' title='bbox 989 2476 1155 2551; x_wconf 77' lang='lat' dir='ltr'><strong>condemur,</strong></span> <span class='ocrx_word' id='word_1_214' title='bbox 1194 2528 1198 2536; x_wconf 87' lang='lat'><strong>.</strong></span> 
     </span>
     <span class='ocr_line' id='line_1_27' title="bbox 65 2548 1245 2690; baseline 0.008 -82"><span class='ocrx_word' id='word_1_215' title='bbox 65 2548 245 2690; x_wconf 51' lang='lat' dir='ltr'><strong>{autoribus</strong></span> <span class='ocrx_word' id='word_1_216' title='bbox 268 2557 404 2635; x_wconf 85' lang='lat' dir='ltr'><strong>dicemus,</strong></span> <span class='ocrx_word' id='word_1_217' title='bbox 428 2575 481 2615; x_wconf 92' lang='lat' dir='ltr'><strong>uos</strong></span> <span class='ocrx_word' id='word_1_218' title='bbox 505 2577 569 2615; x_wconf 90' lang='lat' dir='ltr'><strong>cum</strong></span> <span class='ocrx_word' id='word_1_219' title='bbox 592 2557 722 2615; x_wconf 89' lang='lat' dir='ltr'><strong>hostibus</strong></span> <span class='ocrx_word' id='word_1_220' title='bbox 745 2558 942 2633; x_wconf 84' lang='lat' dir='ltr'><strong>depugnantes</strong></span> <span class='ocrx_word' id='word_1_221' title='bbox 966 2558 1098 2617; x_wconf 85' lang='lat' dir='ltr'><strong>cecidisse</strong></span> <span class='ocrx_word' id='word_1_222' title='bbox 1118 2560 1156 2618; x_wconf 90' lang='lat' dir='ltr'><strong>ad</strong></span> <span class='ocrx_word' id='word_1_223' title='bbox 1242 2584 1245 2592; x_wconf 96' lang='lat'><em>·</em></span> 
     </span>
    </p>

    <p class='ocr_par' dir='ltr' id='par_1_13' title="bbox 95 2655 190 2698">
     <span class='ocr_line' id='line_1_28' title="bbox 95 2655 190 2698; baseline 0.063 -8"><span class='ocrx_word' id='word_1_224' title='bbox 95 2655 190 2698; x_wconf 86' lang='lat' dir='ltr'><strong>rneas.</strong></span> 
     </span>
    </p>

    <p class='ocr_par' dir='ltr' id='par_1_14' title="bbox 68 2714 1156 3037">
     <span class='ocr_line' id='line_1_29' title="bbox 106 2714 1156 2795; baseline -0.001 -21"><span class='ocrx_word' id='word_1_225' title='bbox 106 2716 236 2778; x_wconf 85' lang='lat' dir='ltr'><strong>CHOR.</strong></span> <span class='ocrx_word' id='word_1_226' title='bbox 259 2715 369 2795; x_wconf 85' lang='lat' dir='ltr'><strong>Recipe</strong></span> <span class='ocrx_word' id='word_1_227' title='bbox 391 2725 420 2776; x_wconf 88' lang='lat' dir='ltr'><strong>te</strong></span> <span class='ocrx_word' id='word_1_228' title='bbox 443 2719 544 2775; x_wconf 89' lang='lat' dir='ltr'><strong>iterum</strong></span> <span class='ocrx_word' id='word_1_229' title='bbox 566 2718 595 2773; x_wconf 93' lang='lat' dir='ltr'><strong>in</strong></span> <span class='ocrx_word' id='word_1_230' title='bbox 611 2714 737 2789; x_wconf 85' lang='lat' dir='ltr'><strong>ordines,</strong></span> <span class='ocrx_word' id='word_1_231' title='bbox 753 2716 852 2775; x_wconf 88' lang='lat' dir='ltr'><strong>eodem</strong></span> <span class='ocrx_word' id='word_1_232' title='bbox 868 2717 944 2775; x_wconf 91' lang='lat' dir='ltr'><strong>unde</strong></span> <span class='ocrx_word' id='word_1_233' title='bbox 957 2718 1077 2793; x_wconf 86' lang='lat' dir='ltr'><strong>abieras,</strong></span> <span class='ocrx_word' id='word_1_234' title='bbox 1092 2720 1156 2778; x_wconf 91' lang='lat' dir='ltr'><strong>ani.</strong></span> 
     </span>
     <span class='ocr_line' id='line_1_30' title="bbox 70 2794 1154 2888; baseline 0.005 -34"><span class='ocrx_word' id='word_1_235' title='bbox 70 2814 205 2888; x_wconf 76' lang='lat' dir='ltr'><strong>mumque</strong></span> <span class='ocrx_word' id='word_1_236' title='bbox 215 2804 326 2874; x_wconf 89' lang='lat' dir='ltr'><strong>depone</strong></span> <span class='ocrx_word' id='word_1_237' title='bbox 337 2799 536 2874; x_wconf 80' lang='lat' dir='ltr'><strong>prouusjusta</strong></span> <span class='ocrx_word' id='word_1_238' title='bbox 545 2800 626 2870; x_wconf 88' lang='lat' dir='ltr'><strong>iram,</strong></span> <span class='ocrx_word' id='word_1_239' title='bbox 640 2808 772 2869; x_wconf 88' lang='lat' dir='ltr'><strong>tanquam</strong></span> <span class='ocrx_word' id='word_1_240' title='bbox 781 2798 875 2873; x_wconf 82' lang='lat' dir='ltr'><strong>gravis</strong></span> <span class='ocrx_word' id='word_1_241' title='bbox 888 2794 1040 2868; x_wconf 77' lang='lat' dir='ltr'><strong>armatura</strong></span> <span class='ocrx_word' id='word_1_242' title='bbox 1055 2801 1154 2859; x_wconf 82' lang='lat' dir='ltr'><strong>miles:</strong></span> 
     </span>
     <span class='ocr_line' id='line_1_31' title="bbox 68 2876 1153 2957; baseline 0.004 -26"><span class='ocrx_word' id='word_1_243' title='bbox 68 2876 196 2955; x_wconf 88' lang='lat' dir='ltr'><strong>istosque</strong></span> <span class='ocrx_word' id='word_1_244' title='bbox 212 2890 426 2957; x_wconf 84' lang='lat' dir='ltr'><strong>percontemur,</strong></span> <span class='ocrx_word' id='word_1_245' title='bbox 442 2884 558 2953; x_wconf 89' lang='lat' dir='ltr'><strong>quinam</strong></span> <span class='ocrx_word' id='word_1_246' title='bbox 578 2880 647 2954; x_wconf 84' lang='lat' dir='ltr'><strong>sint,</strong></span> <span class='ocrx_word' id='word_1_247' title='bbox 664 2885 695 2936; x_wconf 86' lang='lat' dir='ltr'><strong>et</strong></span> <span class='ocrx_word' id='word_1_248' title='bbox 714 2881 789 2937; x_wconf 88' lang='lat' dir='ltr'><strong>unde</strong></span> <span class='ocrx_word' id='word_1_249' title='bbox 802 2880 943 2957; x_wconf 82' lang='lat' dir='ltr'><strong>venerint,</strong></span> <span class='ocrx_word' id='word_1_250' title='bbox 957 2881 1068 2953; x_wconf 86' lang='lat' dir='ltr'><strong>etquid</strong></span> <span class='ocrx_word' id='word_1_251' title='bbox 1082 2900 1153 2941; x_wconf 88' lang='lat' dir='ltr'><strong>con.</strong></span> 
     </span>
     <span class='ocr_line' id='line_1_32' title="bbox 70 2959 651 3037; baseline 0.012 -25"><span class='ocrx_word' id='word_1_252' title='bbox 70 2959 240 3035; x_wconf 74' lang='lat' dir='ltr'><strong>elligerent.</strong></span> <span class='ocrx_word' id='word_1_253' title='bbox 281 2962 376 3020; x_wconf 78' lang='lat' dir='ltr'><strong>Hem!</strong></span> <span class='ocrx_word' id='word_1_254' title='bbox 399 2960 510 3037; x_wconf 81' lang='lat' dir='ltr'><strong>Epops,</strong></span> <span class='ocrx_word' id='word_1_255' title='bbox 526 2968 554 3018; x_wconf 85' lang='lat' dir='ltr'><strong>te</strong></span> <span class='ocrx_word' id='word_1_256' title='bbox 566 2979 651 3019; x_wconf 85' lang='lat' dir='ltr'><strong>roco.</strong></span> 
     </span>
    </p>

    <p class='ocr_par' dir='ltr' id='par_1_15' title="bbox 107 3038 917 3119">
     <span class='ocr_line' id='line_1_33' title="bbox 107 3038 917 3119; baseline 0.001 -22"><span class='ocrx_word' id='word_1_257' title='bbox 107 3039 168 3100; x_wconf 95' lang='grc' dir='ltr'><strong>ΕΡ.</strong></span> <span class='ocrx_word' id='word_1_258' title='bbox 191 3045 281 3119; x_wconf 88' lang='lat' dir='ltr'><strong>Cujus</strong></span> <span class='ocrx_word' id='word_1_259' title='bbox 294 3053 391 3100; x_wconf 87' lang='lat' dir='ltr'><strong>autem</strong></span> <span class='ocrx_word' id='word_1_260' title='bbox 405 3046 445 3100; x_wconf 90' lang='lat' dir='ltr'><strong>rei</strong></span> <span class='ocrx_word' id='word_1_261' title='bbox 459 3042 579 3117; x_wconf 88' lang='lat' dir='ltr'><strong>cupidus</strong></span> <span class='ocrx_word' id='word_1_262' title='bbox 592 3042 736 3099; x_wconf 79' lang='lat' dir='ltr'><strong>audiendas</strong></span> <span class='ocrx_word' id='word_1_263' title='bbox 750 3038 917 3101; x_wconf 75' lang='lat' dir='ltr'><strong>meracas?</strong></span> 
     </span>
    </p>

    <p class='ocr_par' dir='ltr' id='par_1_16' title="bbox 107 3120 653 3195">
     <span class='ocr_line' id='line_1_34' title="bbox 107 3120 653 3195; baseline 0 -16"><span class='ocrx_word' id='word_1_264' title='bbox 107 3120 234 3184; x_wconf 71' lang='lat' dir='ltr'><strong>elion.</strong></span> <span class='ocrx_word' id='word_1_265' title='bbox 256 3124 379 3195; x_wconf 84' lang='lat' dir='ltr'><strong>Quinam</strong></span> <span class='ocrx_word' id='word_1_266' title='bbox 394 3122 422 3190; x_wconf 88' lang='lat' dir='ltr'><strong>hi</strong></span> <span class='ocrx_word' id='word_1_267' title='bbox 435 3133 501 3181; x_wconf 91' lang='lat' dir='ltr'><strong>sunt</strong></span> <span class='ocrx_word' id='word_1_268' title='bbox 515 3132 543 3179; x_wconf 93' lang='lat' dir='ltr'><strong>et</strong></span> <span class='ocrx_word' id='word_1_269' title='bbox 556 3122 653 3180; x_wconf 77' lang='lat' dir='ltr'><strong>unde?</strong></span> 
     </span>
    </p>

    <p class='ocr_par' dir='ltr' id='par_1_17' title="bbox 110 3198 637 3280">
     <span class='ocr_line' id='line_1_35' title="bbox 110 3198 637 3280; baseline 0.002 -22"><span class='ocrx_word' id='word_1_270' title='bbox 110 3198 170 3264; x_wconf 88' lang='grc' dir='ltr'><strong>ΕΡ.</strong></span> <span class='ocrx_word' id='word_1_271' title='bbox 194 3204 330 3280; x_wconf 85' lang='lat' dir='ltr'><strong>Hospites</strong></span> <span class='ocrx_word' id='word_1_272' title='bbox 344 3225 360 3262; x_wconf 88' lang='lat' dir='ltr'><strong>e</strong></span> <span class='ocrx_word' id='word_1_273' title='bbox 372 3205 500 3278; x_wconf 83' lang='lat' dir='ltr'><strong>sapiente</strong></span> <span class='ocrx_word' id='word_1_274' title='bbox 512 3202 637 3261; x_wconf 86' lang='lat' dir='ltr'><strong>Graecia.</strong></span> 
     </span>
    </p>

    <p class='ocr_par' dir='ltr' id='par_1_18' title="bbox 37 3281 1148 3356">
     <span class='ocr_line' id='line_1_36' title="bbox 37 3281 1148 3356; baseline 0.003 -15"><span class='ocrx_word' id='word_1_275' title='bbox 37 3290 40 3295; x_wconf 86' lang='grc'><strong>’</strong></span> <span class='ocrx_word' id='word_1_276' title='bbox 110 3281 239 3345; x_wconf 81' lang='lat' dir='ltr'><strong>CHOR.</strong></span> <span class='ocrx_word' id='word_1_277' title='bbox 261 3286 399 3354; x_wconf 72' lang='lat' dir='ltr'><strong>Quaenam</strong></span> <span class='ocrx_word' id='word_1_278' title='bbox 412 3304 460 3344; x_wconf 90' lang='lat' dir='ltr'><strong>eos</strong></span> <span class='ocrx_word' id='word_1_279' title='bbox 477 3285 589 3343; x_wconf 79' lang='lat' dir='ltr'><strong>taudem</strong></span> <span class='ocrx_word' id='word_1_280' title='bbox 603 3288 663 3345; x_wconf 87' lang='lat' dir='ltr'><strong>fors</strong></span> <span class='ocrx_word' id='word_1_281' title='bbox 676 3282 802 3356; x_wconf 80' lang='lat' dir='ltr'><strong>induxit,</strong></span> <span class='ocrx_word' id='word_1_282' title='bbox 817 3281 853 3341; x_wconf 86' lang='lat' dir='ltr'><strong>ad</strong></span> <span class='ocrx_word' id='word_1_283' title='bbox 866 3300 931 3342; x_wconf 86' lang='lat' dir='ltr'><strong>arcs</strong></span> <span class='ocrx_word' id='word_1_284' title='bbox 944 3286 987 3341; x_wconf 89' lang='lat' dir='ltr'><strong>uti</strong></span> <span class='ocrx_word' id='word_1_285' title='bbox 1002 3285 1148 3345; x_wconf 72' lang='lat' dir='ltr'><strong>venirent?</strong></span> 
     </span>
    </p>

    <p class='ocr_par' dir='ltr' id='par_1_19' title="bbox 72 3360 1159 3523">
     <span class='ocr_line' id='line_1_37' title="bbox 110 3360 1159 3441; baseline 0.006 -21"><span class='ocrx_word' id='word_1_286' title='bbox 110 3360 173 3425; x_wconf 89' lang='grc' dir='ltr'><strong>ΕΡ.</strong></span> <span class='ocrx_word' id='word_1_287' title='bbox 193 3366 310 3441; x_wconf 87' lang='lat' dir='ltr'><strong>Cupido</strong></span> <span class='ocrx_word' id='word_1_288' title='bbox 324 3367 389 3424; x_wconf 78' lang='lat' dir='ltr'><strong>vitre</strong></span> <span class='ocrx_word' id='word_1_289' title='bbox 412 3374 511 3423; x_wconf 87' lang='lat' dir='ltr'><strong>restrae</strong></span> <span class='ocrx_word' id='word_1_290' title='bbox 534 3372 621 3439; x_wconf 88' lang='lat' dir='ltr'><strong>atque</strong></span> <span class='ocrx_word' id='word_1_291' title='bbox 635 3364 860 3440; x_wconf 89' lang='lat' dir='ltr'><strong>consuetudinis,</strong></span> <span class='ocrx_word' id='word_1_292' title='bbox 875 3364 987 3441; x_wconf 88' lang='lat' dir='ltr'><strong>tuique,</strong></span> <span class='ocrx_word' id='word_1_293' title='bbox 1003 3372 1159 3441; x_wconf 87' lang='lat' dir='ltr'><strong>tecumque</strong></span> 
     </span>
     <span class='ocr_line' id='line_1_38' title="bbox 72 3438 926 3523; baseline 0.009 -25"><span class='ocrx_word' id='word_1_294' title='bbox 72 3438 229 3521; x_wconf 80' lang='lat' dir='ltr'><strong>habitandi,</strong></span> <span class='ocrx_word' id='word_1_295' title='bbox 243 3456 272 3505; x_wconf 92' lang='lat' dir='ltr'><strong>et</strong></span> <span class='ocrx_word' id='word_1_296' title='bbox 285 3465 373 3519; x_wconf 88' lang='lat' dir='ltr'><strong>nsque</strong></span> <span class='ocrx_word' id='word_1_297' title='bbox 386 3464 441 3503; x_wconf 91' lang='lat' dir='ltr'><strong>una</strong></span> <span class='ocrx_word' id='word_1_298' title='bbox 453 3448 582 3523; x_wconf 80' lang='lat' dir='ltr'><strong>degendi.</strong></span> <span class='ocrx_word' id='word_1_299' title='bbox 925 3448 926 3455; x_wconf 72' lang='grc'>’</span> 
     </span>
    </p>

    <p class='ocr_par' dir='ltr' id='par_1_20' title="bbox 110 3522 865 3601">
     <span class='ocr_line' id='line_1_39' title="bbox 110 3522 865 3601; baseline -0.001 -19"><span class='ocrx_word' id='word_1_300' title='bbox 110 3524 239 3587; x_wconf 79' lang='lat' dir='ltr'><strong>CHOR.</strong></span> <span class='ocrx_word' id='word_1_301' title='bbox 261 3528 340 3597; x_wconf 83' lang='lat' dir='ltr'><strong>Quid</strong></span> <span class='ocrx_word' id='word_1_302' title='bbox 352 3528 414 3585; x_wconf 86' lang='lat' dir='ltr'><strong>atsi</strong></span> <span class='ocrx_word' id='word_1_303' title='bbox 436 3530 570 3601; x_wconf 88' lang='lat' dir='ltr'><strong>quidnam</strong></span> <span class='ocrx_word' id='word_1_304' title='bbox 585 3529 730 3588; x_wconf 78' lang='lat' dir='ltr'><strong>enimvero</strong></span> <span class='ocrx_word' id='word_1_305' title='bbox 743 3522 865 3584; x_wconf 79' lang='lat' dir='ltr'><strong>dicunt?</strong></span> 
     </span>
    </p>

    <p class='ocr_par' dir='ltr' id='par_1_21' title="bbox 112 3602 722 3669">
     <span class='ocr_line' id='line_1_40' title="bbox 112 3602 722 3669; baseline 0.007 -6"><span class='ocrx_word' id='word_1_306' title='bbox 112 3602 172 3668; x_wconf 89' lang='grc' dir='ltr'><strong>ΕΡ.</strong></span> <span class='ocrx_word' id='word_1_307' title='bbox 195 3609 382 3667; x_wconf 87' lang='lat' dir='ltr'><strong>Incredibilia</strong></span> <span class='ocrx_word' id='word_1_308' title='bbox 392 3616 423 3669; x_wconf 89' lang='lat' dir='ltr'><strong>et</strong></span> <span class='ocrx_word' id='word_1_309' title='bbox 434 3609 568 3667; x_wconf 87' lang='lat' dir='ltr'><strong>hactenus</strong></span> <span class='ocrx_word' id='word_1_310' title='bbox 581 3611 722 3667; x_wconf 87' lang='lat' dir='ltr'><strong>inaudita.</strong></span> 
     </span>
    </p>

    <p class='ocr_par' dir='ltr' id='par_1_22' title="bbox 112 3685 1151 3765">
     <span class='ocr_line' id='line_1_41' title="bbox 112 3685 1151 3765; baseline -0.004 -20"><span class='ocrx_word' id='word_1_311' title='bbox 112 3686 238 3750; x_wconf 81' lang='lat' dir='ltr'><strong>CHOR.</strong></span> <span class='ocrx_word' id='word_1_312' title='bbox 260 3689 387 3748; x_wconf 80' lang='lat' dir='ltr'><strong>Videsne</strong></span> <span class='ocrx_word' id='word_1_313' title='bbox 408 3692 549 3750; x_wconf 82' lang='lat' dir='ltr'><strong>commodi</strong></span> <span class='ocrx_word' id='word_1_314' title='bbox 569 3691 688 3765; x_wconf 91' lang='lat' dir='ltr'><strong>aliquid,</strong></span> <span class='ocrx_word' id='word_1_315' title='bbox 716 3690 796 3762; x_wconf 91' lang='lat' dir='ltr'><strong>quod</strong></span> <span class='ocrx_word' id='word_1_316' title='bbox 824 3686 878 3746; x_wconf 87' lang='lat' dir='ltr'><strong>sibi</strong></span> <span class='ocrx_word' id='word_1_317' title='bbox 904 3703 941 3745; x_wconf 83' lang='lat' dir='ltr'><strong>ex</strong></span> <span class='ocrx_word' id='word_1_318' title='bbox 963 3686 1016 3745; x_wconf 90' lang='lat' dir='ltr'><strong>hac</strong></span> <span class='ocrx_word' id='word_1_319' title='bbox 1039 3685 1151 3744; x_wconf 86' lang='lat' dir='ltr'><strong>habita.</strong></span> 
     </span>
    </p>
   </div>
   <div class='ocr_carea' id='block_1_3' title="bbox 75 3765 1159 4234">
    <p class='ocr_par' dir='ltr' id='par_1_23' title="bbox 75 3765 1159 4234">
     <span class='ocr_line' id='line_1_42' title="bbox 77 3765 1154 3847; baseline 0.002 -22"><span class='ocrx_word' id='word_1_320' title='bbox 77 3765 152 3829; x_wconf 77' lang='lat' dir='ltr'><strong>lione</strong></span> <span class='ocrx_word' id='word_1_321' title='bbox 175 3774 334 3847; x_wconf 87' lang='lat' dir='ltr'><strong>contingat,</strong></span> <span class='ocrx_word' id='word_1_322' title='bbox 348 3791 460 3846; x_wconf 90' lang='lat' dir='ltr'><strong>quoque</strong></span> <span class='ocrx_word' id='word_1_323' title='bbox 482 3770 618 3847; x_wconf 85' lang='lat' dir='ltr'><strong>confidat,</strong></span> <span class='ocrx_word' id='word_1_324' title='bbox 632 3775 655 3831; x_wconf 93' lang='lat' dir='ltr'><strong>si</strong></span> <span class='ocrx_word' id='word_1_325' title='bbox 676 3772 828 3829; x_wconf 89' lang='lat' dir='ltr'><strong>nobiscum</strong></span> <span class='ocrx_word' id='word_1_326' title='bbox 842 3772 889 3845; x_wconf 88' lang='lat' dir='ltr'><strong>sit,</strong></span> <span class='ocrx_word' id='word_1_327' title='bbox 903 3788 933 3827; x_wconf 91' lang='lat' dir='ltr'><strong>se</strong></span> <span class='ocrx_word' id='word_1_328' title='bbox 946 3768 1056 3827; x_wconf 88' lang='lat' dir='ltr'><strong>bostem</strong></span> <span class='ocrx_word' id='word_1_329' title='bbox 1069 3786 1154 3843; x_wconf 86' lang='lat' dir='ltr'><strong>supe-</strong></span> 
     </span>
     <span class='ocr_line' id='line_1_43' title="bbox 75 3852 1113 3928; baseline 0.006 -27"><span class='ocrx_word' id='word_1_330' title='bbox 75 3863 149 3922; x_wconf 90' lang='lat' dir='ltr'><strong>rare,</strong></span> <span class='ocrx_word' id='word_1_331' title='bbox 163 3858 215 3911; x_wconf 92' lang='lat' dir='ltr'><strong>aut</strong></span> <span class='ocrx_word' id='word_1_332' title='bbox 226 3855 323 3910; x_wconf 89' lang='lat' dir='ltr'><strong>amicis</strong></span> <span class='ocrx_word' id='word_1_333' title='bbox 337 3855 471 3928; x_wconf 88' lang='lat' dir='ltr'><strong>prodesse</strong></span> <span class='ocrx_word' id='word_1_334' title='bbox 484 3852 589 3927; x_wconf 82' lang='lat' dir='ltr'><strong>posse?</strong></span> <span class='ocrx_word' id='word_1_335' title='bbox 1111 3861 1113 3866; x_wconf 88' lang='grc'><strong>’</strong></span> 
     </span>
     <span class='ocr_line' id='line_1_44' title="bbox 116 3928 1159 4009; baseline -0.002 -23"><span class='ocrx_word' id='word_1_336' title='bbox 116 3928 174 3993; x_wconf 88' lang='grc' dir='ltr'><strong>ΕΡ.</strong></span> <span class='ocrx_word' id='word_1_337' title='bbox 198 3932 335 4009; x_wconf 85' lang='lat' dir='ltr'><strong>Magnam</strong></span> <span class='ocrx_word' id='word_1_338' title='bbox 356 3935 478 4008; x_wconf 88' lang='lat' dir='ltr'><strong>aliquam</strong></span> <span class='ocrx_word' id='word_1_339' title='bbox 497 3936 633 4008; x_wconf 75' lang='lat' dir='ltr'><strong>predicat</strong></span> <span class='ocrx_word' id='word_1_340' title='bbox 646 3932 823 4005; x_wconf 71' lang='lat' dir='ltr'><strong>felicitatem,</strong></span> <span class='ocrx_word' id='word_1_341' title='bbox 836 3930 1056 3989; x_wconf 86' lang='lat' dir='ltr'><strong>inenarrabilem</strong></span> <span class='ocrx_word' id='word_1_342' title='bbox 1071 3935 1101 3987; x_wconf 85' lang='lat' dir='ltr'><strong>et</strong></span> <span class='ocrx_word' id='word_1_343' title='bbox 1113 3928 1159 3987; x_wconf 84' lang='lat' dir='ltr'><strong>iu.</strong></span> 
     </span>
     <span class='ocr_line' id='line_1_45' title="bbox 79 4008 1158 4087; baseline 0.001 -20"><span class='ocrx_word' id='word_1_344' title='bbox 79 4014 260 4084; x_wconf 70' lang='lat' dir='ltr'><strong>credibilem</strong></span> <span class='ocrx_word' id='word_1_345' title='bbox 285 4015 347 4072; x_wconf 81' lang='lat' dir='ltr'><strong>bac</strong></span> <span class='ocrx_word' id='word_1_346' title='bbox 368 4017 463 4072; x_wconf 90' lang='lat' dir='ltr'><strong>omnia</strong></span> <span class='ocrx_word' id='word_1_347' title='bbox 485 4014 595 4073; x_wconf 88' lang='lat' dir='ltr'><strong>scilicet</strong></span> <span class='ocrx_word' id='word_1_348' title='bbox 616 4032 676 4071; x_wconf 89' lang='lat' dir='ltr'><strong>esse</strong></span> <span class='ocrx_word' id='word_1_349' title='bbox 698 4023 757 4086; x_wconf 88' lang='lat' dir='ltr'><strong>tua,</strong></span> <span class='ocrx_word' id='word_1_350' title='bbox 778 4030 900 4087; x_wconf 78' lang='lat' dir='ltr'><strong>queque</strong></span> <span class='ocrx_word' id='word_1_351' title='bbox 921 4008 969 4071; x_wconf 90' lang='lat' dir='ltr'><strong>hic</strong></span> <span class='ocrx_word' id='word_1_352' title='bbox 991 4021 1077 4087; x_wconf 80' lang='lat' dir='ltr'><strong>atque</strong></span> <span class='ocrx_word' id='word_1_353' title='bbox 1099 4011 1158 4069; x_wconf 89' lang='lat' dir='ltr'><strong>illic</strong></span> 
     </span>
     <span class='ocr_line' id='line_1_46' title="bbox 80 4093 905 4173; baseline 0.006 -26"><span class='ocrx_word' id='word_1_354' title='bbox 80 4100 151 4164; x_wconf 81' lang='lat' dir='ltr'><strong>sunt,</strong></span> <span class='ocrx_word' id='word_1_355' title='bbox 165 4112 287 4167; x_wconf 81' lang='lat' dir='ltr'><strong>quasque</strong></span> <span class='ocrx_word' id='word_1_356' title='bbox 301 4097 412 4153; x_wconf 90' lang='lat' dir='ltr'><strong>horsum</strong></span> <span class='ocrx_word' id='word_1_357' title='bbox 426 4102 571 4173; x_wconf 86' lang='lat' dir='ltr'><strong>spectant,</strong></span> <span class='ocrx_word' id='word_1_358' title='bbox 585 4094 759 4173; x_wconf 82' lang='lat' dir='ltr'><strong>argumentis</strong></span> <span class='ocrx_word' id='word_1_359' title='bbox 772 4093 905 4152; x_wconf 87' lang='lat' dir='ltr'><strong>adstruit.</strong></span> 
     </span>
     <span class='ocr_line' id='line_1_47' title="bbox 116 4172 523 4234; baseline 0.005 -2"><span class='ocrx_word' id='word_1_360' title='bbox 116 4172 239 4233; x_wconf 84' lang='lat' dir='ltr'><strong>CHOR.</strong></span> <span class='ocrx_word' id='word_1_361' title='bbox 260 4176 349 4233; x_wconf 87' lang='lat' dir='ltr'><strong>Satiu’</strong></span> <span class='ocrx_word' id='word_1_362' title='bbox 362 4196 447 4234; x_wconf 90' lang='lat' dir='ltr'><strong>sanus</strong></span> <span class='ocrx_word' id='word_1_363' title='bbox 459 4175 523 4234; x_wconf 81' lang='lat' dir='ltr'><strong>est?</strong></span> 
     </span>
    </p>
   </div>
   <div class='ocr_carea' id='block_1_4' title="bbox 116 4249 718 4340">
    <p class='ocr_par' dir='ltr' id='par_1_24' title="bbox 116 4249 718 4340">
     <span class='ocr_line' id='line_1_48' title="bbox 116 4249 718 4340; baseline 0.003 -28"><span class='ocrx_word' id='word_1_364' title='bbox 116 4249 177 4316; x_wconf 83' lang='grc' dir='ltr'><strong>ΕΡ.</strong></span> <span class='ocrx_word' id='word_1_365' title='bbox 198 4255 321 4317; x_wconf 87' lang='lat' dir='ltr'><strong>Difficile</strong></span> <span class='ocrx_word' id='word_1_366' title='bbox 331 4257 418 4340; x_wconf 90' lang='lat' dir='ltr'><strong>dictu,</strong></span> <span class='ocrx_word' id='word_1_367' title='bbox 434 4276 519 4333; x_wconf 86' lang='lat' dir='ltr'><strong>quam</strong></span> <span class='ocrx_word' id='word_1_368' title='bbox 533 4260 570 4317; x_wconf 93' lang='lat' dir='ltr'><strong>sit</strong></span> <span class='ocrx_word' id='word_1_369' title='bbox 582 4255 718 4334; x_wconf 88' lang='lat' dir='ltr'><strong>prudens.</strong></span> 
     </span>
    </p>
   </div>
   <div class='ocr_carea' id='block_1_5' title="bbox 0 0 1465 4984">
    <p class='ocr_par' dir='ltr' id='par_1_25' title="bbox 0 0 1465 4984">
     <span class='ocr_line' id='line_1_49' title="bbox 0 0 1465 4984; baseline 0 0"><span class='ocrx_word' id='word_1_370' title='bbox 0 0 1465 4984; x_wconf 95' lang='lat' dir='ltr'><strong> </strong></span> 
     </span>
    </p>
   </div>
  </div>
 </body>
</html>
