2875 4984
498 312 731 409 sources.
1085 323 1155 379 oss

95 478 137 541 ls.
160 478 433 555 Animaduerte,d
452 474 647 549 Erecdtlsirla,
658 492 759 535 eonem
772 470 934 535 cerum
953 477 1153 556 pluviarium,

57 568 103 637 pri
113 562 243 622 adulans
257 562 369 631 condis,
384 568 413 617 et
423 568 452 617 te
467 566 627 617 coencrztcm
641 560 812 629 observans,
828 559 932 615 ccedet
946 567 1028 617 turem
1042 564 1153 636 cidnor,

58 645 196 719 siquando
216 653 253 701 tn
274 644 392 701 dicturis
409 643 552 701 aliorsum
575 646 692 715 spectes.
736 637 819 697 Clam
842 648 941 697 notem
953 650 1040 700 nocto
1053 646 1154 717 ingre.

56 725 150 782 citetur
164 729 197 783 iu
213 724 364 797 culinum,
378 732 407 781 et
418 723 696 781 cooioooorucitule
704 724 863 795 potinoset
873 722 987 779 insutos
995 723 1152 781 delumbe&

93 804 197 864 DEM.
222 804 331 863 Multo
344 806 454 873 niellus,
469 804 508 860 itu
521 821 565 858 me
580 800 734 873 Neptunus
746 809 832 870 emet,
845 800 865 857 ὂ
879 799 968 859 Glool
980 805 1087 861 deriso.

93 884 223 945 (ΜΚ).λ
238 884 370 959 Audi,d
394 886 481 955 boue,
497 894 555 941 tum
576 884 687 939 demum
710 881 845 956 dijudico.
885 882 945 942 Est
965 886 1086 951 sontior,
1096 904 1154 961 pn·

55 970 163 1043 cietque
184 968 309 1025 leonem
333 971 426 1024 coeris
450 970 481 1022 in
504 964 638 1033 Athenis,
653 966 704 1037 qui
721 982 781 1040 pro
791 962 903 1041 populo
916 974 1022 1025 contro
1044 967 1153 1022 multos

56 1047 153 1105 culices
175 1051 352 1125 pugnabit,
367 1056 506 1123 tunquam
519 1064 576 1122 pro
591 1044 695 1099 cultilis
707 1048 771 1101 sois
784 1052 866 1102 stom
873 1068 888 1119 ;
907 1066 988 1124 quem
1002 1056 1036 1104 tu
1049 1051 1153 1106 obser.

55 1145 100 1199 co,
116 1148 206 1191 muro,
220 1136 378 1187 exstructo
391 1129 502 1202 ligneo,
517 1134 546 1182 ct
560 1126 696 1183 torridus
701 1127 827 1201 ferreis.

92 1208 193 1267 Dent.
217 1209 301 1269 Scin’
317 1212 383 1283 quid
400 1210 458 1264 huc
471 1206 649 1283 significent?

92 1289 137 1349 lS.
160 1288 254 1355 Haud
269 1310 326 1366 ego
339 1292 443 1349 hercle.

92 1368 217 1429 CLEO.
240 1371 401 1445 Perspicua
414 1368 492 1429 Deus
507 1368 559 1427 tibi
574 1368 657 1441 dixit,
674 1376 707 1425 ut
727 1388 773 1427 me
791 1376 894 1429 serron
935 1371 1001 1447 Fgo
1012 1372 1089 1432 euim
1102 1376 1155 1435 ost

54 1468 110 1507 snm
128 1472 183 1523 pro
199 1454 299 1510 loono.

92 1530 194 1591 DEM.
223 1531 262 1589 Et
278 1534 423 1607 quomodo
438 1551 481 1589 rue
494 1532 582 1589 inscio
596 1530 687 1587 factus
700 1550 730 1587 es
744 1530 871 1589 Proteo?

94 1612 139 1669 ls.
165 1614 270 1673 Unum
294 1616 329 1670 de
349 1615 485 1669 industris
500 1622 527 1669 te
540 1630 598 1667 non
613 1614 715 1669 edocet
728 1630 765 1669 cx
787 1614 842 1668 hoc
854 1612 1002 1684 vaticinio,
1015 1617 1092 1687 quod
1107 1635 1155 1674 so.
1200 1608 1212 1629 ⁰

56 1692 109 1749 lum
126 1696 242 1754 ferreus
257 1712 352 1752 murus
365 1704 407 1751 est
420 1703 449 1751 et
462 1694 579 1769 lignum,
595 1696 623 1751 in
634 1711 690 1765 quo
704 1707 733 1751 te
744 1694 893 1752 adservare
904 1694 982 1753 huuc
992 1696 1079 1773 jussit
1092 1695 1154 1759 Lo·

57 1790 122 1833 xras.

95 1854 196 1913 DEM.
220 1855 381 1924 Quomodo
394 1874 462 1929 crgo
476 1855 545 1911 illud
558 1855 630 1911 dixit
644 1853 743 1923 Deus?

95 1936 140 1995 IS.
165 1936 265 1997 Istum
281 1944 313 1993 ut
326 1936 502 2012 constringas
513 1937 599 2010 jobet
611 1939 641 1993 in
655 1936 734 2010 ligno
747 1937 873 2008 quinquo
884 1935 1074 1997 foraminibus
1087 1958 1153 2015 per.
1195 1942 1201 1949 ’

58 2022 129 2075 tuso.

95 2097 198 2157 DEM.
224 2096 299 2155 Haec
309 2097 443 2155 vaticinia
453 2114 530 2152 uiroc
543 2097 652 2169 impleri
663 2096 730 2152 milri
742 2097 883 2154 ridentur.

97 2178 223 2237 ClsEO.
248 2178 298 2236 Nc
312 2178 430 2235 credas:
452 2178 553 2234 iovidae
567 2181 638 2233 cuim
660 2179 788 2234 cornices
802 2177 947 2235 crocitant
955 2178 970 2233 ι’
987 2182 1019 2235 at
1036 2184 1067 2236 tu
1079 2183 1156 2239 ccci.

59 2262 160 2333 pitrom
183 2279 284 2317 omaro
305 2268 458 2334 elemento,
476 2261 524 2333 qui
547 2260 598 2315 tibi
611 2259 731 2316 adduxit
744 2259 857 2317 vinctu
870 2257 1155 2320 hommooiornm

61 2360 222 2399 coracinus.

97 2420 141 2481 IS.
164 2421 234 2481 Iloc
248 2422 361 2495 quidem
373 2420 527 2494 periculum
540 2426 643 2477 temere
657 2421 727 2477 odiit
739 2421 835 2477 obrius
846 2418 1005 2496 Paphlago.
1038 2420 1100 2479 Cor
1113 2424 1155 2493 id,-

61 2500 221 2577 Cecropidu
238 2502 413 2576 imprudens,
429 2501 513 2558 lrabes
524 2520 577 2575 pro
588 2504 699 2581 egregio
708 2502 860 2558 iocinore?
875 2521 938 2558 nom
953 2500 1056 2561 muster
1068 2505 1155 2562 ctione

61 2583 142 2643 facile
152 2586 232 2643 terat
243 2602 328 2653 onus,
340 2583 362 2639 si
373 2584 415 2639 vir
426 2583 562 2639 subletum
573 2584 602 2639 id
613 2584 638 2639 ei
653 2583 784 2656 imponat
795 2603 804 2639 r
820 2600 880 2638 oon
895 2590 996 2638 tomeu-
1008 2597 1154 2658 pugnare-

61 2666 114 2731 rit;
138 2686 205 2723 nam
221 2666 374 2733 occurerit,
384 2665 406 2719 si
422 2663 597 2735 pugnaverit.

99 2744 218 2805 CLEO.
241 2746 298 2803 Sed
317 2744 388 2801 istuc
406 2744 607 2816 aninredrcrtc,
623 2740 739 2819 Pylum,
754 2758 839 2813 quom
853 2741 905 2799 tibi
916 2742 1002 2817 dixit,
1015 2747 1084 2801 attio
1096 2742 1155 2822 Py.

26 2846 28 2855 ’
60 2826 129 2886 lum.
172 2827 234 2887 Est
250 2825 342 2900 Pplns
357 2830 427 2883 onte
443 2822 592 2901 Pylum-

100 2906 203 2967 DEM.
227 2908 304 2976 Quid
318 2906 393 2962 istud
404 2906 482 2962 Ante
497 2903 602 2982 Pylum
616 2904 667 2960 sibi
682 2904 767 2961 vulti

102 2988 147 3046 18.
172 2992 226 3047 Ait
240 3009 268 3045 se
280 2989 351 3043 solio
364 2988 392 3041 in
407 2988 508 3043 balneo
521 2994 743 3060 occupaturum.

102 3067 205 3129 Dttnt.
229 3068 324 3126 Hodie
339 3068 423 3141 igitur
437 3069 530 3123 illotus
541 3088 602 3125 ero.

103 3149 147 3209 ls'.
171 3150 239 3226 lpse
250 3151 324 3207 enim
337 3150 409 3205 solio
422 3146 504 3205 nobis
517 3148 673 3221 proripuit.
695 3146 750 3204 Sed
758 3144 833 3202 istud
843 3145 877 3201 de
886 3147 974 3203 classe
983 3142 1160 3204 dtettmson·

66 3232 279 3305 oraculum„ad
295 3230 372 3301 qnod
389 3237 416 3287 te
430 3231 551 3287 acriorum
565 3228 713 3285 advertere
727 3234 845 3299 oportet
855 3228 981 3285 omnino.

105 3312 205 3372 DEM.
230 3313 381 3370 Adverto:
404 3318 436 3369 te
454 3330 522 3368 roro
543 3313 615 3387 lege,
629 3310 724 3367 noctis
736 3308 804 3364 meis
821 3310 968 3379 quomodo
987 3309 1161 3382 stipendium

68 3392 160 3463 primo
175 3396 299 3451 dabitur.
500 3434 503 3444 ,
796 3426 799 3433 -

106 3473 149 3531 IS.
173 3474 304 3550 AEgidu,
323 3474 449 3531 observo
463 3471 659 3547 conioolpem,
674 3490 716 3529 oe*
731 3477 762 3528 te
775 3470 917 3546 decipiat,
932 3467 1008 3526 elom
1023 3470 1156 3527 morden-

68 3560 133 3623 tem,
148 3558 292 3627 dolosum,
307 3561 447 3625 astutam,
462 3554 610 3611 tullidam.
653 3550 728 3613 Scin'
739 3552 807 3625 quid
821 3548 877 3607 hoc
890 3550 946 3606 sit?

107 3636 208 3695 ulem.
232 3636 418 3695 Philostratus
432 3644 473 3691 cst
484 3634 657 3706 cunirulpc‘n

109 3716 154 3774 lS.
179 3716 248 3777 Non
262 3721 315 3775 hoc
330 3717 418 3771 dicit:
443 3716 488 3772 sed
504 3734 573 3785 uisas
588 3732 671 3770 unies
686 3713 837 3771 identidem
851 3713 903 3767 iste
916 3709 988 3782 petit
999 3711 1108 3766 rcloccs
1122 3711 1160 3768 od

70 3800 242 3869 colligendos
255 3802 292 3857 ab
307 3798 440 3857 insulanis
455 3799 594 3868 pecunius,
609 3796 656 3851 lies
671 3804 748 3853 vetat
761 3798 786 3851 ei
799 3795 868 3850 dore
882 3790 998 3847 [rorico.

107 3878 211 3937 Dum.
233 3879 432 3955 ecquomodo
446 3879 566 3934 triremis
579 3889 621 3933 cst
634 3874 830 3953 conioolpes?
852 3878 855 3884 “

110 3958 156 4017 lS.
179 3961 335 4029 Quomodo
352 3958 362 4018 i
383 3976 483 4031 nempe
496 3967 524 4015 ct
539 3958 660 4015 triremis
674 3964 756 4014 estet
769 3956 844 4014 eoois
856 3972 907 4012 rer
922 3956 1018 4011 velox.

109 4038 210 4099 Dum.
233 4043 293 4101 Cur
307 4063 375 4101 vcro
388 4046 453 4099 coni
464 4038 559 4096 addita
572 4047 616 4097 cst
629 4037 759 4115 volpes?

111 4119 157 4215 is·
189 4122 358 4201 Vulpeculis
389 4120 570 4181 adsimulavit
603 4121 718 4196 milites,
745 4116 880 4193 quoniam
913 4134 982 4174 oses
1009 4119 1162 4177 comedent

74 4216 141 4261 run.
