2875 4984
522 332 693 480 Rada!
798 415 804 424 .
844 455 847 461 ἱ
1128 380 1169 441 ιι

75 526 172 588 rimae
192 543 243 600 per
257 543 396 604 cyperum
410 529 440 584 et
452 521 569 622 pinon,
582 529 739 604 gaudenter
751 529 934 604 carminibus,
949 548 1014 603 quc
1028 531 1106 592 iuter
1117 553 1170 597 na·

76 607 196 668 tandum
210 614 383 666 cantantur.
406 614 455 665 ant
467 627 490 666 su
482 605 582 668 Joriu
596 611 632 666 ud
646 611 812 684 fugiendum
828 613 957 680 imbrum,
972 615 1169 675 ceiereurcho-

77 705 155 744 reem
171 688 322 762 profundis
332 691 384 745 sub
397 691 475 762 aquis
489 683 628 764 agitantes
638 691 814 755 cantarimur
827 713 898 785 cunr
911 693 1056 763 bullarum
1069 703 1171 773 rupta·

76 784 142 824 rurn
156 773 282 844 crepitu,
299 768 577 830 Brekckekcrcoax
592 787 674 842 cccx

115 847 266 908 BACCH.
288 849 355 906 Hoc
368 853 449 908 robis
462 852 567 922 eriuno.

118 927 246 988 CHOR.
270 929 391 1004 Indigna
405 951 474 1008 crgo
490 933 642 1004 patiemur,
657 952 680 989 rr
671 933 775 990 nobis
788 935 928 994 silendum
941 936 988 1000 rit.

120 1007 272 1068 BACCH.
298 1011 388 1068 irnmo
401 1031 462 1086 ugo
468 1013 676 1088 indigniora,
655 1033 677 1074 ar
692 1034 799 1075 remum
813 1015 924 1091 agendo
936 1017 1110 1096 disrumpar.

121 1088 247 1148 cHott.
271 1091 468 1150 Brekekckor
482 1111 554 1150 coar
569 1111 651 1152 coar.

116 1160 265 1239 BACCH.
290 1171 434 1230 Ploretis:
457 1175 602 1238 nonenim
617 1175 645 1231 id
661 1193 742 1234 curro.

119 1247 245 1310 CHOR.
271 1253 312 1309 At
325 1272 378 1310 uos
392 1256 586 1328 clamabimus,
602 1263 739 1325 quantum
752 1257 849 1316 iancea
863 1262 969 1315 nostra·
980 1258 1108 1338 capiunt,
1122 1265 1169 1320 io·

78 1336 111 1390 io
126 1329 184 1404 die,
200 1331 395 1392 Brekcirckcx
408 1353 480 1392 coar
496 1353 576 1392 coar.

120 1412 272 1472 BACCH.
298 1413 358 1472 isto
371 1417 482 1490 quidem
497 1433 555 1472 non
571 1416 697 1476 vincetis.

120 1491 248 1552 CHOH.
271 1493 418 1568 Nequetu
434 1503 586 1556 noscente

121 1571 268 1638 BACCH.
292 1577 333 1632 At
355 1595 406 1634 nec
427 1595 477 1634 vos
490 1584 584 1634 tamen
599 1595 643 1634 rne
657 1594 788 1648 unquam.
834 1573 1027 1636 vociferabor
1038 1581 1127 1658 eninr,
1145 1584 1171 1642 ri

78 1669 158 1728 ¹opus
173 1655 219 1724 sit,
231 1659 274 1713 re!
287 1664 350 1714 toto
361 1659 417 1726 dic
430 1677 521 1730 usque
533 1659 598 1714 dum
614 1659 686 1714 istuc
697 1664 820 1714 restrum
835 1676 967 1734 superem
978 1681 1063 1719 cour.

124 1697 263 1874 HHHHH
266 1737 735 1890 ‚BHHHHHHHHqHZHHocegtrum
728 1818 901 1876 inhibiturue
913 1840 992 1878 eram
1006 1842 1088 1883 conr.

123 1895 251 1954 CHAR
272 1897 336 1956 Ohe
348 1899 454 1976 desine,
470 1902 574 1958 desine
596 1897 689 1957 Remo
703 1901 817 1974 appelle
829 1919 927 1960 narem
938 1903 1063 1964 adlrtuu
1086 1901 1175 1982 Egre-

79 1979 161 2046 dere,
176 1981 254 2034 solve
268 1983 395 2038 naulum.

124 2055 273 2118 BACCH.
296 2059 351 2126 Eu.
343 2062 465 2135 accipe
478 2061 551 2121 duos
566 2060 679 2118 obolos.

161 2235 364 2318 BACCHUS‚
382 2235 591 2312 XANTHIA,
607 2236 772 2296 CHOHUS
787 2236 1094 2301 INITIATORUM.

123 2367 273 2428 BACCH.
296 2369 436 2428 Xanthia!
463 2369 512 2427 nbi
526 2369 673 2434 Xanthia?
696 2367 768 2426 echo
783 2365 931 2424 Xanthia!

123 2448 288 2506 XANTH.
311 2450 369 2506 Au.
475 2480 480 2490 ·

125 2527 275 2590 BACCH.
298 2531 411 2588 Accede
426 2531 492 2586 huc

126 2609 285 2670 XANTH.
308 2609 462 2681 salvusne,
477 2611 553 2672 herc.

126 2679 276 2754 BACCH.
298 2689 376 2762 Quid
391 2692 455 2748 irtic
469 2689 533 2748 cst!

126 2769 284 2832 XANTH.
309 2771 450 2830 Tenebrae
465 2777 494 2828 et
508 2787 628 2828 coenum.

126 2851 279 2911 BACCH.
302 2851 438 2910 Vidistin’
453 2870 521 2928 crgo
536 2851 642 2908 alicubi
657 2848 815 2925 parricidas
825 2849 893 2924 iilic,
908 2856 937 2906 et
951 2848 1091 2924 perjuros,
1105 2870 1178 2955 quor
1238 2869 1242 2877 ·

81 2936 200 3004 dicebat
214 2933 260 2990 itte
274 2933 380 2990 nobis?

127 3011 289 3072 ΧΑΝΓ.Η
309 3013 355 3072 Tu
368 3032 437 3072 rcro
451 3033 509 3071 non
523 3009 641 3070 rudustr
1253 3064 1257 3069 ,

126 3093 279 3164 BACCH.
301 3092 460 3167 Immo,1ta
475 3113 520 3152 ma
533 3093 688 3168 Neptunus
701 3096 788 3165 amet
804 3107 882 3150 nnuc
895 3093 978 3150 etiam
990 3092 1084 3154 rideo
1104 3093 1182 3172 Age

83 3173 421 3246 rer0‚qurdfac1arnnei

128 3253 292 3313 XANTH.
315 3253 461 3328 Optimum
475 3255 557 3312 nubis
571 3252 627 3312 erit
643 3253 798 3328 progredi:
822 3271 887 3310 nam
899 3255 953 3312 istc
960 3255 1044 3320 'iocur
1058 3261 1114 3341 ιιι,
1127 3257 1180 3315 ubi

87 3339 191 3396 beluus
204 3335 266 3391 illac
280 3335 436 3394 horrendae
450 3353 510 3394 aare
523 3336 636 3393 dicebat
649 3334 706 3391 iiie.

129 3413 279 3474 BACCH.
300 3415 394 3482 Quam
409 3417 490 3475 raldo
503 3414 648 3490 plorabit!
672 3413 827 3488 praestigias
838 3413 973 3487 iaciebat,
981 3421 1015 3472 ut
1026 3433 1081 3510 ego
1096 3417 1181 3475 timu·

85 3517 161 3570 rem,
176 3514 213 3554 ex
224 3497 416 3569 umulatione,
432 3498 498 3572 quia
511 3514 556 3553 me
569 3496 735 3556 bellicosum
749 3511 810 3553 esre
819 3496 883 3550 rcit
927 3493 1010 3552 Nihil
1022 3497 1179 3556 euimadeo

86 3595 227 3661 arrogans
241 3581 294 3650 est,
310 3584 343 3634 ut
357 3576 506 3635 Herculea.
549 3575 611 3652 Ego
624 3593 693 3632 rero
708 3576 824 3653 optem
816 3593 845 3630 ru
858 3574 1009 3634 discrimen
1023 3578 1180 3651 quodpiam

86 3649 226 3729 incidere,
240 3665 270 3715 et
284 3660 460 3717 occasionem
481 3657 606 3716 nancisci
630 3655 732 3722 edendi
750 3655 897 3732 iocinoris,
909 3657 989 3730 quod
1013 3659 1130 3737 dignum
1144 3660 1181 3716 sit

1 3808 7 3823 .
86 3743 146 3802 istu
161 3740 273 3804 itinere.

131 3811 293 3878 XANTH.
315 3817 403 3890 Atqui
417 3819 513 3880 hercle
525 3819 618 3878 centio
630 3819 781 3927 strepitum
795 3819 929 3899 aliquem.

130 3897 279 3960 BACCH.
304 3897 512 3974 Ub1,ub1est³

130 3979 292 4050 XANTH.
314 3977 405 4040 Pone.

130 4059 280 4130 BACCH.
302 4059 383 4120 Pone
395 4062 480 4136 igitur
494 4079 550 4118 aas.

130 4141 293 4208 XANTH.
316 4141 581 4210 Sedestantenur.

131 4221 279 4286 BACCH.
302 4219 474 4300 Praecedeig
476 4225 542 4279 itur.

131 4301 290 4374 xantfl.
313 4304 405 4388 Atqui
418 4303 513 4372 heroic
525 4303 608 4370 rideo
623 4302 735 4366 beluam
749 4317 889 4384 magnam.
