2875 4984
280 360 342 421 aas
643 311 1035 415 uuisuormms

317 508 443 574 EUEL.
463 508 543 570 Heus
556 514 596 570 tn.

316 592 446 655 Pts‘ru.
467 590 546 660 Quid
558 589 624 651 est?

316 672 441 735 EUEL.
459 671 537 743 Quid
550 670 647 732 taem?

316 753 448 817 Ptsun.
469 753 545 824 Quid
556 756 617 813 ita?

314 834 443 895 Eunu.
463 836 567 911 Epope
577 837 615 893 ad
627 837 797 895 anundum
811 836 911 894 itemm
924 854 954 894 se
967 840 1123 913 comparat.

320 915 385 976 ΕΡ.
403 916 535 992 Epopoi,
559 934 692 991 popopo‚
716 919 819 992 popoi,
843 918 944 993 popoi.
986 913 1032 991 lo,
1049 919 1091 993 io,
1106 917 1159 991 ito,
1172 915 1296 993 itque,
1310 916 1358 990 tto,

281 1001 325 1060 ito
336 999 395 1057 buc
407 1000 503 1070 aliqua
515 998 656 1055 sociarum
667 998 735 1054 milui
756 1000 929 1071 volucrium,
943 1005 1088 1073 quotquot
1099 998 1206 1057 fertiles
1227 1016 1358 1073 agrorum

280 1084 392 1140 tractm
404 1078 597 1153 depascimini,
604 1078 715 1137 infinita
727 1096 831 1153 geneva
839 1080 1086 1155 hordeivotarum,
1093 1079 1255 1153 seminaque
1268 1080 1360 1155 legen.

281 1163 352 1220 tium
362 1166 459 1236 gentes
472 1162 601 1218 celeriter
612 1160 753 1233 volantes,
765 1158 876 1218 mollem
889 1159 1051 1221 emittentes
1059 1178 1158 1218 vocem
1171 1178 1180 1229 3
1203 1161 1358 1235 quaequein
1379 1218 1380 1221 ,

280 1244 397 1301 sulcatis
408 1242 674 1317 agrissnpergtebis
687 1241 828 1303 errabatis
841 1248 898 1300 tam
916 1243 984 1301 exili
999 1258 1084 1314 sono,
1102 1240 1257 1317 gaudentes
1282 1258 1358 1297 voce.

280 1320 340 1381 Tio
352 1322 396 1379 tio
408 1322 451 1379 tio
474 1322 515 1379 tio
535 1324 577 1380 tio
598 1321 641 1379 tio
657 1320 700 1378 tio
722 1322 774 1379 tio.
816 1320 1045 1399 usquecunque
1059 1320 1184 1380 vestrum
1198 1340 1252 1399 per
1264 1322 1359 1379 hortos

280 1402 313 1462 in
332 1402 443 1461 uetere
466 1402 550 1461 nmis
571 1402 722 1478 vagemini,
737 1420 859 1476 quaeque
877 1420 928 1477 per
945 1408 1067 1477 montes,
1077 1410 1107 1461 et
1124 1417 1189 1474 quae
1208 1403 1359 1460 silvestrem

281 1482 466 1558 depascimini
490 1483 594 1544 olivam
617 1484 826 1557 arbutnmque;
849 1486 908 1542 cito
920 1484 1051 1541 advolate
1071 1485 1106 1542 ad
1131 1500 1222 1539 meam
1242 1500 1358 1541 vocem:

281 1567 374 1625 trioto
387 1564 477 1622 trioto
489 1565 579 1623 trioto
593 1565 700 1623 tobrix.
742 1564 869 1641 Quaeque
882 1565 1026 1639 paludosis
1046 1566 1076 1622 in
1089 1564 1207 1621 vallibus
1221 1565 1360 1621 aculeatos

282 1646 388 1707 culices
401 1646 564 1717 devoratis3
588 1652 617 1703 et
631 1664 694 1720 quac
719 1646 830 1704 roscida
844 1652 928 1705 terra
951 1647 1020 1711 loca
1044 1643 1179 1716 incolitis,
1195 1652 1361 1718 pratumque
1399 1670 1400 1751 ,

278 1745 427 1785 amoennm
439 1724 640 1797 Marathonis3
660 1731 745 1799 atque
758 1727 817 1783 avis
832 1730 908 1801 picta
920 1729 978 1785 alas
992 1732 1118 1803 attagen,
1132 1730 1272 1800 attagen:
1296 1743 1361 1799 qua·
1400 1768 1401 1839 ,

281 1823 503 1880 rumquesuper
524 1808 648 1865 marinos
669 1808 754 1880 ponti
768 1807 869 1865 flnctus
890 1825 958 1883 gens
981 1826 1045 1865 cum
1069 1806 1242 1865 alcediuibus
1266 1808 1357 1863 volat:
1400 1846 1401 1849 η

281 1888 340 1946 buc
352 1888 447 1944 adeste
461 1905 504 1945 rev
515 1906 603 1946 novas
613 1889 762 1947 auditura.
784 1885 889 1947 Omnia
897 1889 970 1947 enim
979 1891 1033 1947 huc
1045 1907 1149 1963 genera
1159 1904 1360 1962 congregamus
1401 1866 1402 1937 i

281 1968 476 2044 longicollium
490 1968 599 2026 alitum.
640 1968 757 2045 Quippe
769 1971 847 2027 venit
859 1976 977 2045 argutus
994 1970 1108 2044 quidam
1121 1987 1218 2037 senex,
1233 1968 1302 2025 novi
1321 1969 1359 2023 in·
1402 1964 1403 2033 l

282 2056 387 2109 ventor
401 2048 514 2123 consili,
528 2068 719 2124 novarumque
733 2068 825 2108 rerum
838 2058 951 2110 auctor.
993 2050 1087 2126 Igitur
1101 2050 1140 2108 ite
1154 2051 1191 2109 ad
1213 2048 1360 2106 confercn-
1403 2060 1404 2121 l

284 2132 339 2195 dos
352 2148 495 2189 sermones
509 2140 619 2189 cunctae
633 2131 700 2207 huc,
714 2132 782 2207 huc,
796 2132 863 2206 hnc,
878 2133 945 2190 huc.
1026 2138 1030 2145 '
1404 2158 1405 2213 q

321 2209 447 2269 CHOR.
460 2208 891 2291 Torotorotorotorotorolinx,
903 2212 1047 2288 ciccabau,
1058 2211 1204 2283 ciccabau,
1216 2214 1360 2270 torotoro·

282 2289 499 2351 torototitilinx.

323 2368 451 2429 PISTH.
472 2368 576 2440 Viden’
590 2370 713 2443 aliquam
726 2370 827 2430 avem?
1200 2374 1208 2387 ‘
1406 2354 1407 2429 i

322 2449 447 2508 EUEL.
469 2448 587 2508 Nullam
601 2452 741 2530 equidem,
755 2454 796 2511 ita
807 2472 852 2512 me
862 2452 942 2529 juvet
956 2454 1084 2529 Apol103
1106 2456 1242 2511 ettamen
1258 2450 1361 2509 inhians
1407 2451 1408 2532 l

285 2534 316 2591 in
329 2530 431 2588 coelum
445 2531 578 2605 suspicio.

323 2608 452 2672 PtsTfl.
472 2609 594 2671 Frustra
605 2631 685 2689 ergo,
698 2618 732 2671 ut
745 2612 865 2691 videtur,
880 2615 909 2671 in
923 2613 1090 2673 fruticetum
1105 2614 1245 2689 ingressus
1267 2610 1361 2687 Epope

284 2710 355 2763 sest,
367 2699 505 2767 tanquam
521 2694 545 2751 si
559 2695 619 2752 ovis
632 2696 760 2771 incubet,
775 2694 937 2772 abscondit,
951 2695 1129 2755 charadrium
1142 2697 1280 2753 imitatus.

325 2771 463 2834 PHOEN.
484 2772 642 2851 Torotinn,
656 2776 799 2835 torotinx.

324 2853 452 2915 PtsTH.
474 2855 526 2929 At,
541 2856 562 2916 d
575 2857 662 2931 bone,
677 2858 771 2914 haecce
782 2857 842 2933 jam
856 2856 951 2928 aliqua
963 2856 1041 2914 venit
1054 2856 1123 2912 avis.

323 2934 449 3053 EilEL.
470 2938 541 2994 Avis
555 2936 669 3009 qnidam
692 2937 797 2997 hercle.
839 2939 882 2995 At
895 2953 1024 3009 quaenam
1046 2938 1095 2995 illa
1108 2934 1173 2995 est?
1203 2952 1278 2992 anne
1299 2951 1364 2992 vero

305 3034 380 3077 avo.

283 3034 305 3094 p
324 3092 455 3155 PISTH.
476 3092 532 3155 llic
545 3096 605 3171 ipsc
618 3097 701 3156 nobis
713 3098 860 3157 indicabit.
901 3095 1039 3168 Quanam
1052 3098 1159 3155 estista
1171 3094 1253 3153 avis?

325 3172 387 3234 ΕΡ.
408 3175 482 3234 Haec
494 3194 553 3234 non
566 3185 610 3236 est
622 3198 680 3237 una
691 3181 801 3239 illarum
815 3178 1009 3256 familiarium,
1024 3197 1091 3254 quas
1104 3197 1154 3237 ros
1164 3178 1265 3235 videtis
1277 3174 1363 3234 conli-

286 3272 345 3315 uno
358 3273 367 3326 ;
389 3256 436 3318 sed
449 3258 591 3333 palustris.

329 3332 456 3396 uisum
479 3335 565 3411 Papa
576 3338 585 3397 l
606 3338 728 3415 pnlclrva
741 3360 811 3401 sane
824 3347 854 3399 et
866 3340 996 3416 punicea

324 3412 387 3477 ΕΡ.
408 3417 572 3495 Quippinii
592 3418 735 3494 Siquidem
749 3432 780 3482 et
792 3442 895 3483 nomen
910 3422 964 3499 ipsi
977 3422 1015 3480 sit
1026 3412 1262 3497 Phoenicoptero.

325 3495 446 3557 EUEL.
468 3498 546 3561 Heus
560 3506 601 3559 tu.

325 3574 455 3639 tisun.
477 3580 555 3649 Quid
569 3580 716 3641 clamitas?

325 3656 446 3721 EUEL.
469 3663 538 3720 Alia
548 3662 611 3721 llaec
623 3664 726 3723 iterum
740 3665 809 3723 avis.

260 3810 265 3823 .
325 3737 454 3800 PISTH.
477 3740 589 3817 Edepol
602 3762 645 3802 nse
657 3746 725 3821 alia,
742 3744 899 3821 peregrina,
911 3748 942 3802 ut
953 3744 1076 3819 videtur,
1088 3743 1265 3817 alienamque
1274 3740 1320 3799 hic
1328 3758 1366 3797 sa·

289 3816 352 3957 dem
364 3822 481 3960 babens.
522 3822 659 3893 Quanam
673 3828 735 3886 bac
748 3833 791 3885 est
803 3826 927 3885 absurda
940 3826 1058 3884 oracula
1070 3826 1173 3884 canens
1190 3823 1253 3883 avis
1264 3822 1367 3883 monti·

289 3912 325 3955 co
336 3920 354 3957 a

326 3978 390 4039 ΕΡ.
412 3982 526 4044 Nomen
539 3986 603 4046 hnic
615 3985 720 4047 Medus
733 3993 785 4047 est.

326 4058 453 4123 Pisum.
475 4064 600 4126 Medus?
622 4067 706 4128 dccx
721 4065 875 4129 Hercules!
890 4064 959 4137 Quo
971 4066 1079 4126 demum
1088 4073 1175 4141 pacto
1185 4067 1245 4127 sine
1255 4063 1365 4135 camelo,

288 4136 396 4200 Medus
408 4162 493 4217 quum
505 4149 554 4224 sit,
568 4146 734 4209 advolavit?

327 4221 448 4285 suut,
467 4224 540 4288 Huc
552 4235 647 4310 autem
660 4230 717 4290 alia
730 4230 916 4292 cusanam
930 4246 1058 4305 quaenam
1070 4220 1136 4287 esti
