2875 4984
254 383 350 444 ·9Αο
606 378 1013 443 ARISTOPHANIS

330 537 445 599 BDEL.
466 537 597 614 Propere
615 540 752 597 induere:
774 539 875 599 deiude
898 534 1107 597 morediritum
1130 536 1171 596 sio
1192 534 1299 595 incede
1323 553 1395 595 cum

289 626 368 682 molli
381 631 411 679 et
422 622 545 679 delicato
558 626 639 677 motu
652 624 794 695 eorporis.

328 701 440 763 PHIL
460 700 526 759 Ειι·
548 709 646 776 specta
655 701 715 776 jam
739 703 866 759 habitum
879 718 984 778 meum,
998 703 1028 759 et
1041 698 1188 759 considere
1201 697 1246 756 cui
1262 696 1394 774 potissi-

289 802 365 843 mum
380 801 416 840 ex
428 784 558 840 divitibus
569 800 629 838 sem
641 785 751 841 incessu
765 781 873 841 similis.

330 862 447 922 BDEL.
479 861 622 921 Cuimim?
651 865 820 939 furunculo,
842 862 889 920 cui
920 861 1086 971 impositum
1108 878 1145 919 ex
1170 862 1242 919 alliis
1268 861 1392 935 empla-

288 953 389 1006 strum.

331 1022 440 1085 PHIL.
461 1023 501 1083 lu
514 1024 669 1097 prolecto
657 1042 716 1099 Jaro
730 1025 799 1085 mihi
812 1024 903 1083 libido
916 1030 959 1081 est
971 1013 1082 1081 clunem
1095 1022 1237 1079 motitare.

333 1106 451 1164 BDEl.
473 1106 616 1179 Agedum,
636 1108 745 1163 scicsne
766 1125 866 1184 graues
890 1114 920 1163 et
934 1106 1088 1180 preclaros
1102 1121 1242 1162 sermones
1255 1098 1388 1173 exsequi

212 1259 214 1268 Ι
298 1188 469 1247 ceramviris
482 1187 573 1242 doctis
587 1195 617 1243 et
631 1188 753 1262 lepidis?

333 1266 437 1325 PHIL.
460 1267 610 1337 Equidem.

333 1334 450 1407 B'DEL.
471 1345 619 1413 Quornam
632 1365 701 1421 ergo
712 1344 881 1420 proferres?

333 1427 443 1486 PHIL.
466 1427 638 1486 Permultos.
681 1427 804 1485 Primum
818 1429 930 1499 quidem
946 1431 977 1485 ul
991 1423 1091 1485 Lamia
1112 1431 1198 1502 capla
1218 1425 1383 1501 pepederil.

293 1510 404 1568 Deinde
418 1515 451 1565 ut
465 1508 612 1582 Cerdopio
626 1519 743 1567 matrem
759 1528 879 1566 suem-

333 1586 451 1649 BDEL.
474 1588 521 1647 Ne
533 1589 602 1647 mihi
614 1609 699 1647 narra
712 1591 841 1647 fabulas.
872 1589 922 1647 sed
944 1588 980 1647 de
993 1588 1077 1646 rebus
1090 1587 1218 1645 humenis
1232 1604 1383 1644 sermones

295 1671 424 1748 perhibe,
440 1672 537 1742 quolee
553 1674 674 1728 maxime
687 1672 764 1731 domi
778 1673 911 1729 solemur.

334 1748 442 1807 Pffll..
465 1748 553 1806 Jem
546 1752 632 1824 igitur
647 1770 701 1825 ego
719 1751 786 1808 novi
807 1768 917 1823 eorum,
931 1751 977 1825 qui
999 1748 1121 1807 maxime
1134 1754 1199 1833 sunt
1213 1747 1379 1821 domestici,

293 1833 401 1889 istum.
424 1827 503 1886 Olim
519 1849 582 1887 mur
595 1840 662 1889 erat
672 1839 701 1887 el
715 1832 907 1889 mustela*-

334 1908 454 1969 BDEL.
475 1909 616 1969 Ostolille
630 1920 659 1969 et
669 1913 795 1983 indocte,
810 1914 906 1985 inquit
918 1910 1087 2007 Theogenes
1098 1908 1283 1980 stercorario,
1293 1910 1381 1982 idque

295 2011 360 2049 eum
376 1990 540 2065 objurgans.
582 1992 627 2049 De
639 1994 767 2063 muribus
780 1999 809 2050 et
822 1995 947 2051 mustelis
959 1994 999 2049 vis
1014 2008 1131 2049 narrare
1143 1991 1217 2048 inter
1229 1992 1330 2049 viros?

333 2070 438 2130 PHIL.
462 2072 506 2129 De
519 2072 621 2145 quibus
632 2092 701 2146 ergo
715 2092 832 2132 uerrere
845 2092 890 2131 me
903 2072 1041 2144 oportet?

332 2151 448 2211 BDEL.
471 2151 515 2209 De
529 2157 614 2214 robus
628 2155 789 2227 splendidis.
832 2153 875 2212 Ut
888 2172 996 2212 sacrem
1009 2152 1178 2229 legationem
1191 2149 1295 2210 obieris
1316 2170 1378 2210 una

293 2252 355 2291 cum
369 2234 517 2291 Androele
529 2241 559 2290 ct
570 2232 726 2291 Clisthene.

332 2310 439 2371 PHIL.
462 2315 504 2369 At
516 2330 570 2387 ego
584 2315 685 2370 nullibi
697 2316 782 2373 ludos
794 2313 931 2391 spectari,
948 2314 1001 2371 nisi
1013 2314 1043 2372 iu
1058 2310 1146 2389 Paro,
1159 2311 1243 2421 idque
1263 2314 1377 2431 duobus

294 2394 386 2457 obolis
401 2411 455 2465 pro
469 2395 596 2450 mercede
608 2395 719 2451 solutis.
1413 2410 1414 2435 ³

334 2470 452 2529 BDEL.
475 2471 552 2547 Ergo
566 2480 684 2548 oportet
696 2476 793 2531 saltem
808 2479 836 2531 le
849 2474 955 2549 dicere,
971 2480 1004 2531 ut
1017 2474 1095 2531 illico
1119 2476 1267 2547 pancratio
1282 2421 1375 2532 certa-

287 2552 364 2610 verit
376 2550 531 2626 Ephudion
547 2572 609 2611 cum
624 2555 760 2613 Ascende
773 2556 919 2629 praeclare,
932 2572 1016 2613 renen
1026 2554 1085 2628 jam
1098 2562 1128 2610 et
1145 2573 1244 2628 canus,
1259 2556 1309 2627 qui
1332 2564 1376 2611 ts-

291 2652 355 2691 men
370 2634 489 2692 hcbcret
501 2636 573 2692 letus
588 2638 750 2713 robustum,
766 2644 918 2707 elmerus,
933 2645 962 2695 et
975 2636 1035 2709 ilie,
1050 2635 1251 2707 thoracemque
1271 2636 1373 2693 firmis·
1412 2646 1413 2708 l

290 2714 402 2772 simum.

332 2792 440 2855 PHIL.
463 2794 539 2871 Olre,
554 2796 669 2869 desine3
690 2796 759 2854 nibil
783 2795 863 2854 dicis.
904 2793 964 2865 Qui
984 2795 1058 2854 euim
1080 2796 1230 2881 pancratio
1253 2802 1375 2854 certaret

291 2876 410 2934 thorace
421 2876 560 2935 indutus?

332 2953 452 3012 BDEL.
475 2956 585 3013 liuuc'
577 2976 605 3013 ιιι
620 2957 734 3018 modum
749 2956 929 3015 confabulari
943 2959 1036 3015 solent
1048 2950 1198 3029 sapienter.
1223 2954 1284 3015 Sed
1298 2955 1374 3013 aliud

292 3035 363 3130 quid
374 3036 421 3093 dic
435 3036 512 3093 milri.
553 3036 581 3095 Si
593 3040 670 3111 apud
683 3039 808 3112 hospites
822 3040 944 3111 biberes,
959 3039 1108 3112 qualenam
1122 3038 1207 3095 velles
1229 3042 1309 3094 tuum
1329 3042 1372 3113 ip
1410 3062 1411 3067 ¹

291 3119 350 3172 sius
362 3133 519 3173 memorare
531 3117 641 3175 lacinus
654 3119 860 3176 fortissimum
852 3137 882 3175 ιιι
894 3119 1045 3193 juventute
1060 3124 1225 3191 patratum.
1217 3116 1228 3148 ³

333 3193 442 3252 PHIL.
464 3195 552 3270 Illud,
569 3198 766 3270 illudquidem
777 3216 907 3257 meorum
920 3198 1169 3273 estfortirsimum‚
1185 3216 1275 3271 quum
1287 3196 1371 3275 Erga-

290 3274 379 3332 aionis
394 3275 495 3333 ridicas
504 3277 520 3334 ι’
521 3286 619 3335 uretus
631 3294 702 3337 snm.

335 3352 453 3414 BDEL.
475 3356 604 3416 Eneces:
628 3378 695 3433 quae
710 3366 755 3433 tu,
768 3361 886 3433 malum,
902 3377 1000 3418 narrar
1014 3358 1137 3419 ridicas?
1160 3358 1239 3427 Quin
1252 3361 1370 3434 potius?

291 3440 326 3492 ut
339 3454 440 3510 aprum
453 3440 521 3497 olim
533 3445 657 3497 sectatur
669 3441 756 3497 fueris
769 3448 817 3497 eut
830 3441 979 3515 leporem?
1002 3443 1047 3499 rel
1060 3447 1093 3499 ut
1104 3442 1262 3515 lampadem
1282 3439 1371 3499 {erens

292 3518 478 3575 cucurreris?
499 3522 660 3594 excogitato
674 3522 803 3580 facinore
823 3522 931 3597 aliquo,
954 3522 1033 3595 quod
1051 3522 1209 3598 juvenilem
1230 3522 1371 3581 audaciam

287 3598 379 3671 spiret
392 3616 476 3671 qnam
490 3602 621 3659 manime.
707 3617 710 3624 ’

332 3675 440 3737 PHIL.
463 3678 541 3756 Ergo
563 3681 691 3755 equidem
712 3682 779 3749 novi
799 3682 1010 3740 audacissimum
1031 3682 1097 3755 hoc,
1112 3700 1200 3757 quum
1212 3679 1369 3778 ‘Pheyllum

289 3774 447 3834 cursorem,
462 3761 555 3819 adlrum
567 3764 730 3831 catulaster,
746 3769 910 3835 persecutus
928 3780 989 3821 sum
1006 3763 1129 3839 judicio,
1151 3770 1182 3822 et
1193 3762 1251 3820 rici
1264 3766 1368 3823 duobus

289 3840 406 3898 calculis
420 3840 460 3899 ob
474 3842 621 3899 meledicta
630 3848 804 3900 accusatum.

331 3916 449 3979 BDEL.
470 3919 698 3994 Desiue‚etl1uc
711 3923 806 3996 potius
820 3926 967 3999 accumbe,
981 3886 1120 3983 eruscos
1130 3926 1279 4000 quomodo
1303 3926 1348 3986 te
1342 3944 1366 3984 ιι
1406 3940 1407 3945 ¹

290 4001 428 4058 conviviis
441 4009 471 4059 et
484 4006 745 4062 conversationibus
757 4022 856 4078 gerere
868 4004 980 4063 debeas.

329 4075 439 4139 PHIL.
460 4080 612 4149 Quomodo
626 4102 695 4159 ergo
708 4086 892 4144 occumbam?
913 4086 960 4145 dic
974 4102 1110 4163 propere.

328 4156 448 4218 BDEL
466 4161 632 4239 composite
642 4172 672 4223 et
684 4165 797 4224 decore
902 4207 906 4215 -

326 4234 434 4300 PHIL.
455 4240 565 4303 Siccine
577 4262 623 4303 me
631 4246 717 4322 juber
730 4231 952 4307 accumbere?
