2875 4984
263 351 322 406 rso
582 319 988 404 aursnorrrnnrs'

301 502 387 564 800.
409 501 464 562 Per
475 519 614 576 quosnam
626 501 695 558 deos
707 496 820 573 jurabis
834 498 886 556 tui
908 497 1030 572 primum
1040 496 1118 556 enim
1130 497 1172 559 dii
1194 500 1283 561 nobis
1293 522 1362 562 non

261 587 370 644 suntin
384 603 448 643 usu.

303 663 458 724 STREPS.
479 661 535 722 Per
547 661 616 736 quid
630 680 698 737 crgo
708 659 835 736 juratis?
866 676 904 717 an
922 677 974 737 per
989 657 1098 720 ferreos
1114 679 1258 741 numnam,
1271 670 1307 724 ut
1329 667 1361 724 in

263 746 291 806 B
327 745 429 804 antio?

290 765 390 886 ySzOC.
412 824 480 885 Vin‘
496 842 539 882 res
552 823 661 881 divinas
676 838 852 896 cognoscere
865 822 940 879 clare
953 828 984 879 et
995 826 1085 897 recte,
1098 841 1230 898 quanam
1241 825 1331 884 sint?

304 903 461 967 STREPS.
483 904 565 965 Volo
578 905 685 976 hercle,
700 904 825 960 simodo
840 904 904 960 ullae
917 910 994 960 sunt.

304 985 386 1046 800.
410 985 448 1046 Et
460 986 557 1046 venire
570 986 600 1042 in
613 983 789 1056 colloquium
803 1002 868 1042 cum
882 978 1029 1057 Nubibus,
1041 983 1145 1042 nostris
1158 983 1290 1046 deabus?

305 1066 459 1126 STREPS.
482 1065 620 1124 Maxime.
1409 1072 1410 1119 ς

306 1145 389 1207 800.
410 1149 482 1206 Sede
494 1147 590 1220 itaque
604 1145 633 1204 in
647 1161 732 1202 sucro
743 1142 895 1219 grabbato.
1410 1158 1412 1239 ν

306 1227 462 1288 STREPS.
484 1225 541 1300 En,
556 1225 649 1286 sedeo.

306 1306 390 1368 800.
410 1307 506 1368 Porro
519 1325 654 1366 coronam
667 1305 742 1362 lranc
756 1322 837 1379 cape.
1410 1346 1411 1351 ,

307 1387 465 1449 STRllPS.
486 1387 631 1456 Quorsum
645 1383 805 1469 coronam?
827 1381 920 1461 Eheu,
933 1383 1078 1460 Socrates,
1093 1401 1161 1444 care
1183 1386 1232 1461 ais,
1246 1405 1360 1466 neme,

267 1473 342 1532 aicat
355 1471 557 1530 Athamantem
572 1466 747 1527 sacrificetis.
1186 1529 1190 1535 ⁴
1411 1526 1412 1533 ἵ

308 1549 394 1610 SOC.
416 1549 486 1609 Non
502 1549 569 1609 fiet:
592 1568 690 1608 verum
705 1548 755 1620 qui
765 1545 923 1620 initiantur,
939 1546 1035 1604 emnia
1046 1547 1101 1606 iata
1112 1563 1166 1604 nos
1178 1547 1357 1608 bstaumas.

308 1629 464 1692 STREPS.
486 1629 577 1703 Quid,
592 1648 700 1706 quaeso,
716 1629 783 1685 inde
796 1628 869 1684 lucri
883 1626 1015 1702 capiam?

307 1709 393 1771 800.
417 1711 589 1772 indicendo
603 1711 651 1770 ties
665 1709 759 1783 tritus,
775 1707 992 1784 crepitacnlum,
1008 1707 1128 1781 pollen:
1149 1709 1199 1768 sed
1212 1710 1339 1783 quiesce.
1412 1682 1413 1773 i

309 1790 465 1850 STREPS.
487 1791 541 1851 Pol
554 1810 598 1850 me
615 1807 675 1850 nou
688 1790 788 1848 tallere
815 1807 881 1847 nam
895 1792 918 1848 si
931 1791 969 1848 ad
988 1790 1066 1847 bunc
1079 1789 1196 1848 modum
1217 1809 1361 1865 consper.
1412 1788 1413 1795 ’

268 1890 333 1949 gar,
349 1873 446 1945 pollen
462 1871 537 1930 fiam.

310 1950 392 2012 800.
414 1951 528 2028 Lingua
541 1952 636 2010 serere
650 1955 769 2024 oportet
781 1968 888 2022 senem,
902 1950 1090 2024 precibusque
1112 1969 1196 2008 aures
1209 1949 1359 2010 adbibere.
1413 1944 1414 2013 l

149 2039 156 2046 '
269 2031 376 2108 Ores,
390 2035 524 2092 immense
535 2033 607 2108 ner,
623 2033 672 2106 qui
687 2038 790 2091 terram
802 2033 949 2090 sublimem
971 2038 1062 2103 tenea,
1077 2031 1226 2104 lucideque
1238 2030 1360 2104 AEtber,
1413 2022 1414 2051 ¹

270 2117 501 2189 venerabilesque
516 2115 600 2186 divae,
617 2111 729 2187 Nubes,
743 2131 805 2185 quae
825 2114 952 2169 tonitrua
970 2118 1000 2169 et
1021 2109 1144 2170 fulmina
1155 2113 1279 2188 volvitis,
1294 2131 1361 2172 aur.

270 2197 329 2270 gite
344 2203 372 2254 ot
385 2203 533 2270 apparete,
551 2195 569 2252 b
584 2195 715 2263 domina,
731 2193 904 2265 philosopho
917 2194 1060 2250 sublimes.
1414 2206 1415 2251 ξ

311 2273 465 2334 STREPs
488 2274 626 2332 Nondum
640 2275 736 2346 etiarn,
751 2274 888 2347 nondum,
903 2274 1065 2346 priusquam
1088 2274 1233 2348 duplicata
1253 2274 1360 2332 lacinia
1414 2258 1415 2335 i

272 2362 359 2430 caput
371 2356 522 2429 obtexere,
533 2373 569 2412 ne
582 2355 742 2428 compluat.
783 2351 872 2412 Mene
884 2371 954 2412 raro
964 2355 1103 2415 infelicem
1113 2355 1201 2412 domo
1213 2373 1361 2431 egressum

270 2438 360 2494 fuisse
374 2435 434 2493 sine
445 2434 561 2510 galero!

200 2521 203 2526 ’
316 2514 401 2575 800.
416 2518 525 2574 Adeste
537 2513 666 2591 igitur,d
681 2513 850 2572 veneranda
861 2512 976 2589 Nubes,
987 2521 1020 2574 nt
1029 2520 1137 2574 vosmet
1149 2516 1361 2574 huicostenda.

273 2597 319 2670 tis,
333 2595 435 2655 sivein
450 2593 570 2675 Olympi
591 2595 699 2652 vertice
722 2613 805 2652 sacro
827 2595 915 2653 nivali
927 2596 1051 2668 sedetis3
1071 2598 1130 2656 sire
1143 2595 1254 2655 Oceani
1268 2598 1360 2672 patris

272 2679 303 2736 in
317 2677 410 2738 hortis
424 2693 532 2738 sacram
556 2677 688 2736 choream
709 2675 855 2734 instituitis
879 2695 941 2736 cum
954 2673 1123 2754 Nymphis,
1154 2677 1216 2734 siro
1237 2679 1318 2736 torte
1328 2680 1360 2734 in

272 2757 337 2817 Nili
351 2759 461 2820 fluentis
471 2777 574 2834 aquam
587 2759 680 2816 aureis
692 2757 851 2832 gutturniis
862 2756 1001 2829 bauritis;
1033 2759 1092 2815 sire
1111 2756 1283 2816 Moeoticam
1304 2761 1360 2817 ob.

273 2839 370 2900 tinetls
384 2821 527 2916 paludem,
542 2839 603 2896 sire
623 2837 773 2896 Mimantis
795 2837 922 2896 nivosam
943 2856 1057 2915 rupem,
1069 2839 1214 2914 enuditc,
1228 2847 1260 2898 et
1279 2842 1358 2900 acci·

163 2935 165 2944 ’
277 2922 337 2996 pite
350 2921 406 2979 boc
419 2920 598 2991 sacrificium,
611 2917 697 2976 sacris
710 2917 879 2994 hispanicae.

314 2999 440 3058 CHOR.
463 2997 605 3056 Perennea
629 2997 743 3067 Nubes,
764 3001 897 3056 tollamur
922 2997 1092 3072 manifestae,
1115 2998 1228 3058 roscida
1255 3005 1362 3060 natura

274 3081 371 3157 agiles,
387 3086 470 3153 patre
483 3081 520 3138 ab
534 3077 652 3144 Oceano
664 3078 790 3155 graviter
798 3079 937 3138 tremente
943 3081 980 3136 ad
993 3081 1137 3140 celsorum
1146 3082 1287 3140 montium
1296 3101 1361 3140 rer.

178 3165 181 3174 '
273 3161 344 3218 tices
357 3161 508 3218 arboribus
532 3165 687 3232 comantes,
701 3161 777 3218 unde
789 3161 958 3233 conspicuas
979 3161 1068 3235 longe
1090 3163 1205 3234 lateque
1226 3164 1366 3235 speculae

273 3241 476 3314 despectamru,
490 3258 655 3313 sacramque
675 3248 780 3302 terram
802 3241 949 3305 fructuum
972 3246 1132 3314 parentem,
1142 3248 1175 3300 et
1194 3241 1361 3303 divinorum

274 3320 428 3380 fluviorum
441 3322 563 3393 sonitus,
577 3330 607 3380 et
618 3330 738 3396 pontum
749 3327 896 3380 sonantem
909 3324 990 3397 gravi
998 3339 1160 3380 murmure:
1181 3341 1248 3382 uam
1262 3325 1360 3383 intre·

273 3401 374 3479 gabilis
389 3403 489 3462 oculus
502 3399 629 3461 AEtberis
642 3410 775 3462 coruscet
786 3403 884 3459 lucido
893 3401 1009 3476 jubare.
1050 3400 1105 3462 Sed
1126 3403 1247 3462 decussa
1260 3405 1359 3479 mligi.

273 3500 310 3548 ne
323 3483 479 3556 imbrifera,
491 3485 680 3542 immortalem
694 3484 851 3543 revelantes
862 3485 997 3559 speciem,
1012 3489 1117 3542 terram
1125 3490 1285 3558 spectemus
1294 3487 1357 3544 lon·

273 3583 309 3640 ge
322 3565 516 3640 prospiciente
531 3565 627 3622 oculo.
1212 3570 1238 3594 '

314 3641 398 3703 800.
420 3643 448 3702 O
462 3646 583 3703 maxime
596 3645 771 3703 venerabiles
784 3641 897 3717 Nubes,
906 3643 1058 3705 manifesto
1070 3643 1189 3703 audistis
1198 3636 1243 3702 nie
1253 3663 1358 3704 rocen-

274 3731 341 3786 tem.
381 3723 535 3784 Sensistino
547 3743 658 3796 vocem,
672 3725 812 3798 simulque
823 3725 962 3800 mugitum
975 3725 1100 3784 tonitrus
1110 3725 1225 3784 divinit

313 3803 471 3866 STREPS.
493 3803 555 3864 Vos
566 3807 695 3879 equidem
709 3806 870 3875 venetensi
884 3811 989 3863 sancta
999 3803 1113 3878 Nubes,
1121 3808 1281 3880 vestrisque
1291 3809 1360 3864 volo

273 3886 438 3948 tonitrubus
451 3887 614 3963 oppedere3
636 3887 708 3943 adeo
722 3885 756 3943 iis
767 3887 870 3944 auditis
884 3887 1074 3944 contremisco
1088 3892 1116 3943 et
1131 3887 1234 3945 timore
1247 3890 1359 3962 percul-

274 3981 322 4026 sus
335 3983 414 4026 sume
436 3973 477 4040 et,
491 3969 550 4024 sire
562 3965 605 4028 ias
618 3972 672 4039 est,
686 3967 747 4024 siro
759 3985 819 4024 non
829 3973 874 4024 est
884 3966 939 4041 les,
949 3966 1010 4041 jam
1024 3966 1093 4024 volo
1106 3985 1218 4029 cacare.

314 4042 398 4103 800.
420 4043 468 4104 Ne
480 4048 593 4120 illudas,
609 4065 665 4105 neu
683 4047 784 4120 facias,
798 4047 878 4120 quod
901 4047 1006 4121 perditi
1020 4047 1070 4128 isti
1091 4047 1213 4118 comici;
1236 4048 1286 4106 sed
1310 4066 1359 4106 ore

272 4125 359 4184 fare:
382 4142 515 4200 magnum
528 4127 602 4185 enirn
616 4127 734 4185 dearum
748 4144 865 4186 examen
879 4126 982 4201 incipit
994 4129 1103 4186 moveri
1114 4145 1177 4186 cnm
1191 4135 1288 4186 cantu

315 4201 438 4264 eflolt.
461 4203 594 4281 Virgines
607 4208 761 4267 imbriferae
774 4225 880 4278 eamus,
889 4213 923 4265 ut
937 4211 1043 4282 pingue
1051 4209 1143 4266 solum
1153 4207 1288 4280 Palladis,
1298 4210 1357 4266 tor·

275 4288 347 4346 tium
361 4287 489 4347 virorum
501 4283 627 4352 trierem
641 4295 744 4349 terram
758 4287 896 4365 Cecropis
910 4288 1054 4349 rideamus
1066 4290 1287 4368 amabilem,ubi
1297 4290 1358 4348 cul·
