2875 4984
275 390 335 449 Μ
615 380 1026 446 nnlsuornnnls

314 540 440 603 TRYG.
465 539 614 617 Libamen,
629 541 762 601 libamen.

317 621 431 681 HIER.
456 620 581 681 lntunde
591 622 658 679 mihi
672 624 757 680 etiam
771 628 801 680 et
812 627 943 681 extorum
957 626 1067 695 partem
1080 621 1207 701 porrige.

314 701 441 763 TRYG.
464 704 722 761 Atnondnmboc
741 705 838 777 placet
857 704 1030 762 boatisdiis:
1053 706 1189 763 sedistud
1203 706 1328 781 potins,
1343 713 1378 767 nt

274 802 328 843 nos
340 786 469 853 libemus,
484 794 515 840 tu
529 790 624 841 autem
636 785 730 843 abeas.
761 783 789 843 0
803 782 1047 859 ronerandsPax,
1062 802 1197 858 pmmane
1210 790 1377 847 nobiscum

275 866 356 925 omni
367 867 433 923 ritae
446 874 586 937 tempore.

315 944 431 1005 HIER.
452 946 534 1003 Affer
547 945 600 1001 hnc
613 944 681 1001 mibi
693 944 830 1020 linguam.

314 1023 444 1085 TRYG.
462 1024 510 1083 Tu
523 1042 590 1083 reru
604 1032 682 1081 tuam
696 1027 763 1085 binc
775 1027 868 1088 aufer.

314 1104 428 1165 Hibis.
455 1104 601 1165 Libameu.

316 1185 443 1245 TRYG.
459 1186 708 1261 (aesomnium),
723 1184 796 1244 Haec
808 1186 894 1244 etiam
908 1202 969 1247 m
982 1184 1118 1245 libamine
1128 1202 1209 1245 sume
1223 1187 1323 1246 ocius.

218 1316 220 1322 ,
315 1266 426 1331 lillis.
448 1266 577 1325 Nemone
589 1266 668 1325 dabit
681 1268 750 1324 mibi
761 1268 799 1325 do
808 1268 882 1325 extis
893 1266 1000 1340 aliquid
1015 1265 1028 1323 ἰ

315 1346 444 1407 TRYG.
459 1345 527 1405 Non
541 1347 614 1405 enim
628 1364 777 1421 possumus
787 1366 840 1405 nos
853 1348 933 1421 prius
943 1348 1181 1422 montaum
1191 1348 1284 1422 lupus
1293 1366 1377 1409 oren

275 1431 362 1491 inest.
419 1476 421 1491 .

319 1505 432 1567 HIER.
452 1506 544 1564 Immo
558 1525 611 1582 per
623 1526 717 1583 genua
730 1513 759 1566 te
771 1508 902 1567 obsecro.

293 1606 297 1613 ’
318 1589 346 1649 Τ
349 1587 443 1649 RYG.
467 1587 600 1663 Frustra,
625 1589 646 1651 ,ὂ
675 1591 760 1658 bone,
782 1590 947 1662 supplicas:
974 1586 1130 1645 nonenim
1154 1588 1250 1645 levem
1272 1589 1374 1648 reddes

276 1688 408 1746 asperum
427 1668 596 1729 erinocoum.
636 1670 736 1746 Agite,
749 1674 936 1743 spectatores,
949 1669 1056 1745 adeste,
1069 1670 1213 1727 comedite
1224 1675 1302 1727 exta
1320 1689 1372 1728 nc.

274 1753 394 1811 hiscum.
763 1755 765 1758 '

317 1828 432 1891 lllllll.
453 1829 517 1907 ligo
529 1847 599 1889 rero
612 1830 700 1905 quid?

316 1910 446 1971 TRYG.
467 1910 604 1988 Sibyllam
616 1912 742 1970 comede.

316 1991 427 2064 lllER,
448 1992 532 2050 Hand
542 2009 619 2067 sano,
634 2011 686 2066 per
699 1990 843 2049 Tellurem
855 1989 969 2065 adjuro,
982 2008 1034 2049 sos
1047 1990 1280 2049 memoremus
1294 1992 1350 2051 soli
1358 2011 1370 2065 r

277 2074 328 2135 sed
340 2076 477 2147 abriplam
490 2088 525 2130 eo
535 2074 636 2131 vobisc
657 2078 726 2131 sunt
740 2071 815 2129 enim
835 2072 865 2128 in
878 2072 974 2129 medio
987 2071 1092 2145 posita.

318 2154 445 2213 TRYG.
467 2152 601 2228 Percutc,
618 2157 749 2228 percute,
763 2159 883 2227 percute
896 2153 978 2209 istum
992 2150 1093 2218 Bacis,

316 2233 427 2295 HIER.
446 2235 595 2292 Antestor.
630 2284 633 2291 .

316 2314 445 2375 TRYG.
465 2314 506 2371 Et
518 2330 583 2388 ego,
598 2318 627 2370 te
646 2331 749 2387 nempe
767 2328 827 2371 esse
849 2310 1012 2371 helluonem
1033 2316 1065 2370 et
1079 2314 1264 2387 arrogantem
1278 2310 1369 2371 bomi·

238 2426 240 2431 .
277 2414 360 2465 neme
383 2399 503 2469 percute
514 2396 615 2467 ipsum,
630 2400 661 2449 et
673 2395 779 2451 baculo
792 2392 894 2449 cobibe
902 2393 1073 2467 jactatorem
1087 2392 1176 2449 illum.

317 2474 418 2533 ΒΑΜ.
439 2472 485 2531 Τιι
505 2473 617 2544 quidem
640 2472 670 2529 id
694 2491 782 2530 curas
804 2488 859 2539 cao
880 2491 949 2531 roro
970 2472 1147 2529 victimarum
1171 2472 1275 2544 pelles,
1300 2488 1368 2543 quas

275 2556 356 2613 hicce
368 2572 419 2629 per
430 2554 558 2612 fraudem
573 2552 695 2623 accepit,
709 2554 735 2609 ei
747 2552 905 2609 detraham.
945 2551 1055 2610 Nonne
1069 2553 1194 2625 depones
1208 2552 1312 2625 pelles,
1322 2569 1366 2608 sa·

271 2634 420 2695 crificulo?
441 2631 595 2691 audistiu’?
617 2633 709 2706 qualis
721 2634 774 2693 iste
785 2649 890 2690 corrns
902 2650 938 2691 ex
951 2631 1031 2691 Oreo
1045 2631 1137 2708 reniti
1158 2650 1257 2711 noune
1269 2632 1368 2690 arola·

274 2720 319 2777 bis
333 2717 412 2773 ocius
421 2715 451 2772 in
467 2712 651 2793 Elymnium?
1255 2721 1261 2732 '

313 2794 404 2854 SEM.
427 2793 535 2866 lotor,
549 2796 643 2865 laetor,
657 2793 737 2864 quod
751 2810 848 2851 carere
861 2793 929 2851 licet
939 2791 1058 2867 casside,
1070 2799 1101 2851 et
1120 2810 1215 2862 mseo,
1230 2797 1261 2852 et
1280 2792 1365 2866 cepis.

274 2874 348 2935 Non
359 2877 434 2934 enim
446 2892 482 2935 cx
496 2874 600 2950 preliis
613 2875 790 2946 voluptatem
805 2874 909 2946 capio;
931 2876 980 2931 sod
1002 2877 1026 2933 si
1046 2874 1123 2948 sputi
1146 2876 1239 2948 ignem
1258 2890 1365 2946 perpo-

274 2962 332 3013 tem
345 2975 410 3015 cum
425 2956 496 3013 caris
505 2956 660 3025 sodalibus,
675 2954 845 3011 comburens
858 2956 945 3028 ligna,
958 2972 1131 3027 quoscunque
1142 2953 1252 3015 inerint
1265 2954 1365 3014 aridis·

274 3036 356 3109 sima,
371 3037 469 3095 estivo
484 3036 580 3093 calore
593 3036 746 3108 exsiccata,
757 3041 787 3091 et
799 3036 828 3090 in
844 3034 1018 3093 carbonibus
1028 3041 1141 3093 torrens
1152 3036 1238 3108 cicer,
1254 3033 1366 3109 fagum·

274 3134 330 3191 qao
349 3116 378 3175 in
398 3116 491 3189 ignem
512 3115 674 3184 immittens,
687 3122 718 3171 et
736 3116 821 3171 simul
841 3114 992 3173 Thrattam
1014 3116 1187 3190 subagitans,
1201 3116 1270 3171 dom
1294 3133 1365 3172 uxor

273 3198 360 3263 laxat.
402 3195 483 3253 Nihil
496 3196 571 3253 enim
594 3195 751 3270 jucandius
763 3202 817 3264 ost,
828 3212 913 3267 quem
926 3197 960 3267 si,
975 3196 1053 3253 iacta
1069 3196 1130 3269 jam
1149 3203 1283 3261 semente,
1297 3197 1364 3255 deo

274 3296 332 3349 que
355 3294 416 3334 eam
440 3277 585 3351 irrigante,
600 3278 640 3334 sic
661 3276 807 3333 fabuletur
828 3277 936 3335 ricinus
958 3276 1077 3348 aliquis:
1100 3274 1159 3333 Die
1172 3277 1252 3335 ,mibi
1270 3276 1365 3350 rodes,
1407 3321 1408 3340 ,

273 3358 346 3433 qest
361 3358 491 3433 fecimus
504 3354 663 3431 interemi
683 3350 907 3424 Comarolrido?
928 3356 1001 3416 mite·
1011 3357 1126 3432 quidem
1135 3363 1245 3433 potore
1252 3355 1363 3432 placet,
1407 3349 1408 3358 ’

272 3439 341 3496 dum
355 3437 519 3511 deorjooos
532 3442 607 3495 sata.
648 3441 725 3511 Age,
739 3438 857 3507 mulier,
870 3438 959 3512 frige
977 3436 1168 3513 plenariorum
1183 3444 1246 3494 tres
1258 3435 1365 3499 otoni,

272 3536 331 3589 ces,
345 3520 495 3593 trilicique
517 3516 656 3575 nonnihil
671 3520 714 3573 ets
738 3516 876 3591 admisce,
899 3524 986 3593 osque
998 3519 1080 3593 ‚ficus
1093 3518 1241 3595 deprome.
1278 3514 1363 3573 Vocet

272 3596 355 3675 Syra
367 3592 479 3657 Moneo
492 3614 528 3655 ee
542 3614 630 3673 ogre,
651 3597 883 3674 quondopsr'dem
896 3617 957 3655 non
977 3596 1047 3656 lieet
1064 3601 1245 3675 pampinare
1268 3595 1361 3669 bodie,

273 3698 366 3755 neque
378 3677 482 3753 glebas
488 3680 650 3753 frangere,
665 3695 751 3754 quum
764 3696 839 3754 ager
853 3680 892 3738 sit
911 3678 1036 3739 usioses:
1060 3685 1092 3738 et
1113 3696 1132 3735 o
1152 3696 1197 3734 me
1211 3677 1301 3750 serot
1311 3676 1364 3741 oli·

273 3763 339 3837 quis
353 3758 471 3817 turdum
484 3765 515 3815 et
528 3756 689 3833 fringillos
703 3758 786 3815 duas.
828 3756 911 3817 Erat
921 3761 1011 3817 etiem
1030 3759 1184 3817 recondita
1198 3758 1279 3815 some·
1289 3757 1363 3816 colo·

275 3847 349 3909 atro,
364 3845 394 3897 et
405 3840 648 3914 quotuorfrusto
659 3841 760 3896 cornis
772 3841 930 3916 leporino,
938 3841 1002 3897 oiri
1012 3841 1085 3916 quid
1096 3840 1217 3896 illorum
1231 3840 1364 3913 abripuit
1406 3885 1407 3948 l

275 3919 403 3977 mustela
414 3920 551 3995 vesperi.-
572 3935 643 3977 rasse
655 3922 809 3995 strepebat
822 3922 903 3977 intus
916 3923 1011 3978 nescio
1028 3920 1141 3995 quidet
1161 3917 1360 3980 tumultuata,
1406 3957 1407 4004 i

275 3996 411 4057 tur.on
431 3998 504 4072 illis,
524 4001 653 4075 inquom,
667 4000 783 4073 frustis
797 4000 854 4075 ser
876 4002 964 4056 notis
988 4004 1062 4073 trio,
1073 4005 1308 4077 pomeranam
1323 3999 1361 4055 do

273 4081 381 4157 patri:
400 4086 513 4155 myrtos
527 4079 709 4154 fructiferos
728 4086 798 4156 pete
818 4082 856 4137 ab
869 4076 1078 4152 AEscltr’non
1098 4078 1252 4155 simulque,
1264 4078 1359 4141 ecdem
1406 4073 1407 4132 l

225 4170 231 4176 ·
277 4160 408 4217 ostentm
420 4162 482 4234 oia,
498 4155 695 4239 Glorioadem
714 4160 822 4235 aliquis
844 4167 939 4231 vocet,
958 4168 993 4229 ut
1014 4168 1099 4238 potet
1121 4164 1283 4231 nostorum,
1295 4159 1358 4222 dum
1406 4175 1407 4184 ¹

278 4239 449 4318 benefecit,
464 4240 1031 4319 etlucrementumrlutdcussrugibur.
1406 4251 1408 4276 t
