2875 4984
411 302 417 321 ⁴
524 356 772 432 sousrus.
939 292 946 311 ι
1082 374 1148 435 sss.

90 510 205 575 DEM.
225 510 327 589 Atque
337 511 433 575 hercle
444 512 568 577 immuso
579 518 606 576 ei
619 519 648 577 in
669 538 701 581 os
722 518 840 595 pusilio,
863 536 1023 597 coquorum
1049 541 1141 602 more,

40 594 163 653 deinde
176 597 298 670 lingnam
311 594 372 670 ejus
384 598 576 675 extrahentes,
588 601 778 677 spectabimus
792 602 894 680 probe,
911 602 975 679 ipso
988 606 1095 683 hiante,
1105 627 1146 671 an

40 679 74 735 ei
92 678 181 735 cuius
193 684 313 736 suemus
324 676 437 738 mons.
1144 674 1147 681 Α

91 756 225 816 CHOR.
246 756 338 817 Erunt
349 777 419 835 ergo
432 760 497 835 igne
509 760 565 817 siin
577 763 706 834 quaedsnt
721 762 868 837 calidiora,
882 771 911 823 et
933 766 960 825 in
983 768 1054 825 urbe
1077 785 1142 829 ser-

42 837 95 895 bis
111 838 324 912 impudentibus
336 839 393 897 stis
405 841 633 914 impudentiores
656 853 685 901 et
697 844 759 901 noc
773 863 817 901 res
831 864 889 903 non
913 854 956 905 est
976 848 1048 905 adeo
1071 866 1142 907 con·

42 920 221 981 temnendo
243 920 298 979 Sed
310 923 385 981 insto
397 929 428 979 et
439 938 529 995 soros,
544 923 614 980 nihii
626 926 673 987 ise
682 926 822 983 modicum
836 946 843 983 s
867 930 1024 988 nuneenim
1035 931 1141 987 medius

44 1007 187 1057 tenetur.
228 998 304 1058 Nem
318 1002 367 1057 nbi
383 1002 476 1075 primo
497 1021 648 1078 congressu
671 1007 830 1066 molliorem
853 1025 916 1087 eum
938 1009 1049 1086 iecoris,
1065 1000 1142 1073 rint.

44 1082 125 1137 dum
142 1081 286 1154 reperim
307 1085 448 1159 egoenim
462 1085 529 1141 nori
541 1084 602 1159 ejus
616 1105 718 1145 mores.

93 1160 146 1219 lS.
167 1163 305 1220 Attamen
317 1165 380 1234 iste,
393 1164 444 1237 qui
458 1164 519 1223 tulis
532 1164 626 1223 iuerat
640 1186 814 1241 peromnem
827 1168 925 1237 vitam,
940 1170 1015 1229 risus
1035 1178 1078 1228 est
1098 1174 1142 1231 ris

43 1241 227 1318 sortitore,
240 1260 329 1317 quum
341 1243 441 1303 isicem
455 1247 485 1305 iu
497 1246 614 1304 alienam
628 1249 784 1307 immisisset
796 1268 910 1309 messem
927 1270 934 1308 ι
957 1258 985 1307 et
999 1270 1073 1311 nunc
1083 1256 1143 1327 spi.

43 1323 195 1458 caesitas,
209 1343 276 1398 quos
288 1324 354 1381 inde
374 1326 504 1402 sddnit,
527 1327 556 1384 iu
580 1345 667 1385 nervo
690 1330 859 1388 constrictas
881 1331 1011 1407 arefacit,
1026 1340 1056 1391 et
1078 1336 1143 1394 nult

43 1422 109 1461 nen
135 1422 195 1461 ero.

93 1481 218 1548 cutio.
240 1482 310 1543 Non
323 1490 494 1563 metueres,
509 1486 774 1560 quomdiuScustus
796 1490 877 1565 sivit,
891 1496 921 1549 et
946 1488 1052 1567 Populi
1073 1512 1142 1568 per·
1201 1514 1207 1519 ·

44 1583 129 1623 sona
143 1566 223 1622 sodet
234 1564 361 1639 stupido.

94 1644 219 1715 CHOR.
241 1643 326 1706 Vuis!
348 1654 380 1705 ut
391 1647 539 1721 impudens
553 1654 595 1707 est
606 1649 643 1710 od
656 1650 760 1721 omnio,
770 1667 822 1708 nec
834 1655 924 1709 mutet
933 1653 1058 1712 colorem
1072 1673 1142 1714 con·

46 1726 184 1783 fidentior
199 1727 316 1783 indicent
330 1726 339 1785 t

96 1805 219 1865 CLEO.
240 1806 303 1864 Nisi
318 1814 347 1875 te
359 1806 419 1882 odi,
433 1807 499 1867 dom
511 1827 570 1870 uno
582 1809 617 1870 de
630 1810 748 1885 pellibus
763 1810 885 1887 Cratini„
900 1818 928 1870 et
941 1814 1045 1873 doceor
1063 1816 1141 1876 seei.

49 1907 128 1946 nere
141 1886 272 1944 Morsimi
286 1888 461 1962 trugoedium.

96 1966 224 2025 CHOR‚
246 1965 276 2025 0
288 1968 335 2040 qui
349 1972 425 2026 circe
438 1967 533 2025 omnio
544 1975 575 2026 et
586 1970 615 2025 in
630 1970 761 2032 omnibus
776 1990 893 2029 munero
920 1978 1038 2049 captans
1060 1977 1140 2037 omui.

50 2054 114 2122 tas,
129 2056 163 2107 ut
175 2049 236 2121 epis
249 2050 278 2104 in
291 2049 422 2120 tionibus,
436 2049 542 2105 utinam
565 2050 659 2119 isciie,
673 2060 706 2106 ut
727 2051 870 2123 invenisti,
885 2055 925 2111 ito
949 2055 1047 2128 ejicias
1069 2058 1141 2114 buc.

51 2129 158 2187 coemi
179 2130 368 2187 tuuedemum
392 2135 546 2202 cantorem,
562 2127 650 2202 Bibe,
675 2132 742 2188 dide
765 2133 898 2189 secundis
920 2138 1021 2193 rebus.
1053 2136 1141 2195 urbi.

51 2215 125 2267 tror
136 2209 223 2267 etism
236 2208 299 2268 Joii
312 2211 411 2283 titium,
427 2227 519 2267 senem
532 2210 612 2267 iilum
627 2230 782 2286 puerorum
793 2221 961 2275 sectatorem
973 2234 1032 2290 pre
1042 2216 1144 2277 iaetitis

50 2288 192 2349 Paeanem
206 2297 235 2348 et
249 2289 494 2369 Bocchebccchum
511 2288 703 2357 cantaturum.
958 2312 961 2319 ’

98 2369 219 2443 CLBO.
241 2368 288 2429 Ito
300 2392 345 2432 me
357 2370 487 2431 Bacchus
500 2379 584 2438 amet,
599 2378 632 2428 ut
643 2372 819 2447 impudentia
832 2392 877 2431 mo
888 2391 947 2433 non
959 2364 1142 2453 superabitis,

53 2459 112 2512 snt
124 2470 270 2525 nunquam
283 2450 365 2514 Josis
378 2450 511 2513 Forensis
524 2454 648 2512 intersim
662 2456 758 2513 sacris.
974 2460 977 2465 '

99 2531 150 2592 IS.
172 2532 217 2593 lu
230 2552 275 2591 me
287 2535 375 2611 pugni
386 2529 499 2610 juvent,
514 2552 587 2605 quos
601 2552 676 2609 saepe
688 2543 718 2593 et
730 2535 827 2593 multis
840 2536 875 2593 de
889 2536 979 2593 censis
993 2555 1142 2613 perpessus

52 2632 122 2673 eum
137 2613 205 2673 iude
217 2632 235 2672 a
247 2632 351 2693 puero,
365 2621 394 2671 ct
408 2616 497 2689 pingue
511 2614 628 2672 cultellis
643 2614 709 2673 mihi
722 2615 850 2687 indicte,
867 2622 899 2670 ut
909 2633 993 2691 spero
1004 2637 1049 2675 me
1058 2637 1143 2693 supe.

54 2704 188 2752 saturum
203 2702 231 2753 te
243 2695 272 2751 in
286 2696 339 2753 hac
353 2714 402 2752 re:
432 2703 484 2751 ent
495 2695 603 2753 frustra
622 2695 682 2752 offis
702 2696 836 2769 nutritus,
851 2697 951 2766 quibus
974 2714 1074 2755 manus
1092 2700 1144 2757 ab·

52 2782 237 2850 sterguntur,
250 2776 279 2833 in
292 2777 365 2835 hunc
378 2776 480 2835 molens
493 2776 675 2834 exercuerim.

102 2854 220 2915 CLEO.
241 2854 325 2929 Offis,
341 2856 360 2915 d
374 2856 575 2928 scelestissime,
600 2864 631 2912 ut
644 2855 731 2931 conis,
746 2854 867 2913 nutritus
877 2852 978 2913 fuisti?
1000 2856 1144 2931 quomode

54 2956 134 3012 ergo
147 2938 196 3011 qui
209 2937 287 2996 esuis
302 2938 397 3000 eibum
411 2938 505 3009 esitus,
519 2956 583 2998 eum
598 2937 795 3014 cynocephsio
809 2934 969 3011 pugnabis?
1028 2974 1040 2981 -

101 3017 150 3078 ts.
170 3016 248 3086 Quin
261 3018 364 3091 edepol
376 3018 438 3078 elius
452 3018 651 3092 continendos,
665 3036 735 3092 ques
750 3035 821 3091 puer
833 3016 899 3073 ieci.
931 3014 1006 3075 Nem
1020 3016 1143 3091 decipie-

53 3102 127 3157 hom
141 3116 261 3171 coquos,
276 3118 371 3163 corum
385 3099 426 3159 sie
439 3098 534 3156 dicens
548 3118 557 3155 z
579 3098 716 3178 Spectato
723 3100 821 3175 pueri,
833 3114 933 3155 onnon
945 3096 1076 3155 videtis?
1091 3116 1146 3177 vert

13 3198 17 3203 ’
55 3198 170 3237 novum
185 3179 420 3253 coaceruando
433 3183 523 3239 versit.
543 3178 619 3238 Tum
633 3180 674 3241 ilii
688 3181 874 3255 spectabant:
895 3196 949 3257 ego
959 3197 1028 3238 roro
1037 3178 1145 3238 interes

55 3261 155 3318 carnis
167 3260 273 3332 aliquid
285 3259 412 3317 furabor.

103 3338 229 3401 CHOR.
252 3338 492 3399 Oustutissimum
507 3357 624 3414 corpus,
640 3335 1050 3415 quumsolerterproridebnsi
1073 3356 1145 3415 quo-

56 3421 86 3481 si
99 3423 205 3479 urticas
217 3420 334 3495 esitaus,
347 3430 414 3481 onte
426 3423 579 3481 adrentum
592 3420 775 3477 hirundinum
791 3420 974 3493 corripiebas.

103 3500 151 3561 18.
175 3500 212 3559 Id
225 3503 337 3576 quidem
352 3504 520 3576 pierumque
534 3504 605 3559 clam
620 3520 668 3559 eos
690 3502 850 3559 faciebam:
872 3505 903 3557 at
916 3496 1024 3573 siquis
1047 3516 1146 3577 coruus

57 3582 316 3657 animadvertisset,
330 3583 507 3640 abscondens
519 3600 631 3646 carnem
644 3583 720 3639 iuter
743 3582 857 3652 femine,
872 3596 924 3656 per
949 3579 1017 3636 deon
1040 3578 1146 3637 furtum

59 3663 242 3738 abjuratam.
284 3660 409 3720 Proinde
422 3663 495 3719 dixit
516 3663 624 3737 rhetor,
648 3663 700 3737 qui
725 3680 770 3719 me
789 3662 818 3719 id
839 3660 989 3718 facientem
1014 3660 1145 3717 siderate

61 3742 153 3808 Fert
164 3763 224 3803 nost
236 3749 347 3821 potest,
362 3745 499 3820 quiestote
511 3760 587 3820 puer
599 3743 670 3803 otto
683 3741 894 3823 rempublicam
908 3741 1105 3799 administret.

107 3822 234 3886 CHOR.
257 3824 336 3884 Bene
349 3842 417 3883 sone
431 3823 624 3897 conjectarit:
647 3829 735 3897 atque
758 3825 824 3881 sutis
847 3828 977 3895 apparot,
1001 3820 1075 3877 undo
1095 3820 1148 3877 do·

61 3911 228 3967 eumenium
244 3904 375 3979 ceperit:
397 3905 476 3981 quod
488 3905 621 3966 nimirum
633 3900 711 3970 furto
734 3903 813 3963 fecto
838 3901 999 3978 pejerebss,
1013 3908 1043 3959 et
1067 3902 1149 3983 culus

63 3994 134 4044 tuns
147 4003 261 4042 earnem
274 3988 399 4045 tenebat.
915 3985 919 3999 ¹

104 4064 222 4124 cutio,
243 4065 397 4125 Audaciam
409 4073 495 4134 mum,
517 4067 616 4140 immo,
629 4070 661 4125 ut
683 4070 766 4140 puto,
789 4064 939 4131 amborum
962 4078 1148 4137 compescam.

65 4144 99 4205 N
99 4164 144 4203 om
158 4162 303 4221 erumpsm
316 4148 475 4218 vehemens,
485 4165 646 4225 magnoque
652 4146 814 4214 tocumbsn
823 4144 942 4223 impetu,
952 4148 1058 4205 terren
1067 4145 1149 4207 simul

46 4291 49 4300 ,
65 4233 97 4297 st
109 4228 198 4292 nero
210 4229 382 4303 perturbem
394 4235 509 4293 omem.
600 4311 621 4365 2

146 4324 214 4367 sou.
234 4326 280 4371 rr.
634 4323 654 4364 s
