2875 4984
431 351 769 422 nucleum
1101 360 1149 420 28

51 521 113 576 eret
123 517 200 591 mihi,
214 533 310 592 quem
320 519 439 578 mactari
454 539 464 578 s
485 521 582 596 deque
594 537 694 580 cernes
716 514 858 578 mbebitie
876 516 990 574 tenens
1000 518 1030 574 et
1042 515 1145 578 donn.

52 595 153 656 Venite
164 617 238 673 ergo
253 599 288 656 in‘
303 589 414 660 domum
426 620 516 660 meent
529 601 615 662 hodie
628 620 638 661 ε
660 601 784 676 tempori
793 606 888 658 eutem
901 601 1020 670 oportet
1031 598 1088 658 hoc
1099 599 1146 658 ie.

51 697 111 738 cere
120 681 209 752 letos,
222 699 281 738 uos
296 682 374 755 ipsos
386 689 417 740 et
430 683 535 742 liberos
549 692 658 742 vestros
672 701 683 754 ;
705 681 808 741 deinde
821 677 960 746 introire,
975 693 1029 738 nec
1048 697 1146 755 quem.

18 805 19 812 ,
51 778 129 834 quem
138 761 328 840 mterrogere
342 779 352 820 t
367 764 415 820 sed
426 771 506 822 reete
514 764 637 842 ingredi,
647 772 785 838 muquem
791 764 821 820 in
829 763 930 821 domos
942 768 1061 834 ventres,
1074 768 1146 822 stre·

51 858 111 898 nne.
145 839 299 900 Fortassis
311 851 405 920 eutem
414 844 507 920 jenua
519 847 575 904 erit
587 846 693 904 elenen.

87 917 216 980 CHOR.
239 919 331 982 SEN.
348 925 404 984 Sed
417 945 433 984 e
446 925 550 1000 Sparte
561 927 606 986 isti
619 927 716 1001 legati,
733 923 878 984 umerus
898 923 1014 995 herm,
1026 923 1146 983 advenis

51 1007 108 1074 unt,
122 1007 205 1078 qussi
216 1006 376 1082 paxillum,
390 1009 436 1064 cui
448 1007 570 1082 porcelli
588 1008 761 1082 adliganter,
776 1007 853 1067 circe
868 1005 978 1064 femore
996 1005 1142 1064 hebentes

51 1184 212 1248 CHORUS
228 1187 389 1265 SENUM,
401 1188 557 1252 LEGATI
571 1189 1003 1262 Lucunffimoutolsum,
1018 1187 1142 1251 roni·-

108 1267 337 1342 culmum,
358 1270 626 1346 LYslsTRuTe,
647 1273 813 1334 CHORUS
833 1271 1080 1349 MUNERUM,

198 1349 559 1414 ClRCUMFORANEl
579 1351 762 1428 QUIDAM,
783 1351 992 1426 FAMULU&

359 1433 633 1495 utriculensis
653 1432 835 1506 QUIDAM.

84 1585 207 1648 enuit.
230 1589 323 1652 SEN.
345 1591 473 1652 Primum
486 1593 612 1667 quidem,
627 1593 647 1652 d
663 1589 803 1665 Lacona,
814 1592 920 1652 seirete
932 1592 1054 1652 tdeinds
1065 1590 1139 1650 dict.

51 1673 168 1733 tenebis
182 1691 245 1746 quo
259 1675 293 1730 in
305 1679 381 1732 stetu
397 1674 453 1732 huc
467 1673 612 1732 veneritis.

52 1825 59 1838 ·
85 1746 178 1810 LEG.
199 1752 264 1811 Cur
279 1756 362 1812 vobis
375 1773 434 1814 rem
447 1756 542 1814 multis
556 1754 652 1816 serbis
664 1752 834 1815 narremus?
857 1771 975 1815 cernere
986 1753 1067 1831 licet,
1080 1769 1140 1829 qno

52 1844 78 1882 ru
90 1835 163 1888 stetu
175 1837 354 1894 venerimus.

86 1908 208 1972 CHOR.
230 1913 323 1980 SEN.
345 1913 453 1990 Papae!
468 1914 535 1974 huic
548 1917 625 1974 mulo
638 1917 828 1976 intenduntur
839 1915 921 1975 uerri
934 1933 1069 1994 perquem
1087 1933 1137 1975 re·

52 1987 209 2066 hementer;
233 1998 390 2070 gliscitque
406 1997 503 2054 ferror
517 1997 644 2072 pejorem
658 1999 688 2054 in
699 1999 825 2056 modum.
1129 2015 1134 2022 ·

95 2070 187 2131 liuG.
208 2075 273 2136 Res
285 2078 377 2135 serbis
389 2077 553 2136 sdumbreri
572 2078 672 2149 nequit
685 2097 694 2136 r
717 2079 787 2150 quid
802 2077 896 2135 serbis
908 2094 984 2148 opus
995 2076 1067 2138 est?
1087 2077 1137 2136 scd

53 2154 139 2210 renim
151 2159 225 2232 quis,
241 2166 349 2231 etque
368 2158 482 2216 tendere
496 2163 581 2232 pecto
601 2156 738 2229 voluerit,
752 2175 848 2232 pacem
863 2157 947 2214 nobis
967 2158 1135 2216 constituet.

89 2230 209 2296 CHOR.
231 2237 321 2299 SEN.
343 2239 437 2312 Atqui
449 2246 479 2296 et
498 2239 567 2296 istus
587 2237 742 2313 conspicor
754 2240 910 2314 indigenas,
925 2246 1061 2313 nuquam
1073 2239 1137 2296 luc.

54 2313 150 2450 ωοὶω
163 2336 287 2394 pueros,
300 2333 319 2378 s
332 2328 432 2378 ventre
446 2318 607 2397 rejicientes
621 2327 724 2396 vestes,
735 2321 776 2377 its
788 2329 820 2378 ut
828 2319 994 2378 rutensem
1006 2319 1075 2396 quid
1088 2318 1137 2378 irie

53 2407 108 2449 mor
127 2400 312 2458 derideatur.
1128 2411 1132 2414 ’

90 2471 175 2536 POL.
196 2481 272 2548 Quis
285 2481 390 2540 indicet
403 2481 485 2540 nobis
499 2478 698 2560 Lysistretem,
713 2481 764 2540 ulri
776 2482 812 2540 sit
827 2479 840 2540 i
859 2499 925 2541 num
938 2481 992 2541 siri
1003 2481 1134 2540 ediumm

53 2555 135 2622 etune
149 2559 361 2634 hujuscemodi.

96 2635 215 2700 CHOR.
238 2641 328 2701 SEN.
350 2639 388 2700 Et
413 2645 486 2702 alter
499 2643 546 2702 hic
571 2643 689 2700 morbus
713 2644 797 2702 elteri
818 2642 961 2718 congruit.
982 2639 1143 2716 Numquid

56 2729 127 2776 nune
140 2723 254 2798 tentigo
268 2742 320 2782 rus
334 2722 433 2798 cepit?
1232 2733 1237 2748 ‘

90 2796 175 2860 POL.
191 2803 286 2864 Immo
296 2807 427 2880 perimus,
439 2805 505 2860 dum
514 2805 571 2863 lroc
580 2803 751 2877 experimur.
766 2799 873 2876 Quare,
886 2803 940 2861 nisi
953 2819 1052 2878 pacem
1066 2803 1132 2876 qum

57 2873 120 2935 inter
128 2900 178 2942 nes
190 2888 271 2946 ocius
284 2887 427 2962 conciliet,
438 2885 500 2946 fieri
514 2903 572 2942 non
585 2885 704 2959 peterit,
714 2886 784 2956 quin
794 2882 965 2942 Clisthenem
973 2882 1130 2940 iutuemns.

73 2955 186 3022 CHOR.
208 2966 294 3026 SEN.
303 2966 333 3026 Si
342 2969 450 3042 sepitis,
466 2975 554 3024 restes
566 2967 692 3033 sumetis,
703 2974 737 3022 ut
749 2966 858 3040 nequis
870 2983 980 3042 eornm,
993 2966 1043 3038 qni
1052 2960 1130 3023 Her.

56 3051 107 3095 mss
118 3051 263 3118 truncant,
277 3065 329 3106 ros
342 3049 446 3106 videet.

91 3117 174 3182 POL.
197 3125 303 3202 Recte,
318 3130 358 3186 ite
367 3147 410 3186 me
424 3125 542 3202 Jupiter
555 3133 641 3200 emet,
655 3132 795 3185 autumes.

55 3232 75 3273 ρ
92 3196 179 3264 LFG.
202 3204 251 3266 lte
264 3225 308 3268 me
321 3209 467 3282 Castores,
484 3213 561 3266 recte
575 3210 703 3266 omnino.
725 3207 857 3283 Agedum
870 3206 1047 3266 amiciemnr.
1084 3283 1089 3290 .

91 3275 177 3344 POL.
199 3286 323 3366 Selrete,
338 3290 357 3348 ὂ
373 3289 503 3348 Lacones
519 3307 527 3345 t
552 3301 637 3362 turpe
649 3297 704 3362 est,
718 3289 797 3360 quod
811 3289 894 3347 uobis
914 3290 1027 3348 eccidit.

74 3355 177 3451 ‘Uist
200 3369 229 3428 0
244 3370 447 3445 Polychsride,
463 3370 648 3444 ualentique
662 3368 747 3426 nobis
759 3368 869 3445 luisset,
883 3372 907 3428 sl
920 3369 1055 3428 vidissent
1074 3367 1122 3426 isti

20 3469 22 3476 ¹
59 3441 103 3499 tui
115 3452 253 3510 mentulas
275 3461 372 3511 nostes
384 3461 502 3512 erectus.
1127 3467 1132 3481 ·

93 3517 183 3650 l’Ol..³
198 3533 297 3610 Agite,
308 3529 449 3610 Lacones,
478 3537 577 3609 aperte
596 3531 791 3608 profitendum
813 3535 881 3590 ests
902 3547 990 3605 quere
1008 3530 1063 3588 lruc
1075 3529 1134 3587 ud··
1181 3612 1183 3614 V

60 3605 180 3668 venistis.
622 3609 624 3614 ’
920 3657 923 3660 .

92 3677 179 3750 LEG.
200 3689 246 3752 De
259 3710 330 3770 prce
343 3693 438 3770 legati.

94 3759 177 3829 POL.
198 3774 291 3834 Recte
303 3773 416 3847 dicitis;
438 3781 468 3833 et
484 3790 537 3832 nos
551 3773 590 3832 ob
608 3791 670 3832 earn
685 3791 754 3832 rem.
774 3769 881 3842 Quidni
902 3790 972 3849 ergo
989 3786 1125 3830 sommus

17 3867 18 3870 ’
60 3831 246 3931 Lustratum,
261 3873 327 3928 que
340 3857 401 3914 sole
414 3869 466 3914 nos
480 3855 633 3915 conciliare
646 3853 759 3928 possiti

94 3919 177 3990 Lm.
199 3934 247 3995 Ite
259 3937 374 4011 edepol,
388 3945 429 4011 ct,
442 3937 574 4007 cissitis,
589 3933 805 4013 Lysistratum.·
827 3988 829 3993 ,

74 4078 80 4094 .
94 4001 209 4073 elion.
231 4013 317 4078 SEN.
332 4016 386 4076 Sed
397 4018 466 4078 nihil
480 4035 553 4091 opus
566 4025 621 4086 est,
636 4023 670 4074 ut
682 4018 807 4091 ridetur,
822 4013 934 4074 esebi
948 4031 1008 4072 eum
1021 4031 1125 4074 esoce·

60 4091 126 4144 ner:
141 4093 200 4166 ipsa
211 4101 296 4170 enim,
313 4117 344 4157 re
354 4101 462 4172 audite,
476 4098 627 4172 egreditur.
896 4156 899 4164 ,

85 4161 177 4258 'POL.
196 4177 277 4236 Sulre
289 4180 391 4236 mulier
402 4179 527 4238 omnium
547 4179 703 4238 fortissime
718 4195 727 4235 ε
744 4194 829 4234 ‘nuuc
848 4182 877 4233 te
889 4175 971 4234 decet
990 4193 1051 4234 esse
1062 4173 1125 4232 ier.

60 4245 365 4336 mdtbuemfflrousm,
376 4261 542 4333 simplicem,
551 4277 677 4336 gravem,
690 4258 800 4331 mitem,
811 4257 953 4315 callidem.
972 4255 1049 4314 Nem
1064 4255 1127 4330 pri.

62 4327 132 4387 nerii
144 4331 260 4400 Greciu
274 4339 338 4414 risi,
352 4341 406 4400 tuis
419 4341 558 4400 illecebris
572 4341 661 4416 cepti,
675 4338 731 4398 tibi
742 4341 941 4416 permiserunt,
952 4344 983 4396 et
996 4353 1130 4396 commu-2

61 4400 85 4458 li
103 4419 213 4478 consilio
225 4422 427 4484 commiserunt
441 4422 571 4496 querelas
583 4437 659 4480 sues.
