2875 4984
274 321 333 395 ut
615 320 1013 395 serstoruems
1066 289 1069 293 ’

310 487 412 550 MUL.
428 487 456 548 1.
472 485 529 564 En,
542 488 747 568 Smieytbinnis
760 488 909 548 aeneides
921 487 1105 550 Melieticbeu
1116 483 1145 546 iu
1153 488 1285 548 virilibus
1298 482 1363 549 caia
1418 502 1420 541 ;

269 573 326 631 reis
338 567 542 629 festinantem?
564 567 607 628 Ea
620 571 734 645 quidem
747 573 810 629 sula
821 571 890 628 mibi
901 572 1014 629 videtur
1027 587 1045 628 a
1057 571 1120 628 viru
1131 570 1222 630 exisse
1233 571 1343 630 otiose.
1418 606 1420 645 5

309 649 413 712 MUL.
427 649 471 708 11.
493 649 591 722 Quid?
606 652 786 710 nunnerides
795 652 935 725 cauponis
944 669 1061 711 uxorem
1071 647 1279 710 chsiatratam
1287 653 1363 710 dex·
1418 654 1420 726 i

268 737 316 791 tra
330 733 486 808 lampadem
506 739 660 810 tenentem,
674 750 787 807 unaque
811 729 991 792 Pbilodereti
1010 734 1041 792 et
1062 727 1238 793 cmreuue
1267 749 1364 808 spon-

269 829 328 872 sem
339 811 351 870 ἓ

310 1053 414 1114 MUL.
429 1053 492 1114 111.
512 1053 574 1130 Ego
595 1057 718 1129 quidem,
734 1055 753 1114 ὁ
771 1055 885 1130 dilecta,
902 1057 951 1113 diu
964 1056 1144 1128 multumque
1155 1055 1199 1115 tui
1220 1057 1364 1134 sollicita,

311 891 438 953 PRAX.
458 892 513 954 Sed
526 899 555 953 et
567 893 636 953 alias
649 894 723 952 bene
736 894 839 952 multas
852 891 938 953 video
950 893 1070 952 burrum
1083 895 1241 971 tendentes,
1254 898 1366 958 mulie·-
1418 854 1420 857 Ι

174 1003 177 1010 ·
269 991 335 1036 rum
347 993 410 1047 quae
419 980 487 1032 sunt
501 976 529 1032 iu
540 978 611 1033 urbe
624 972 872 1033 excellentissimas
884 992 1024 1053 quasque.

207 1179 208 1185 κ
270 1137 491 1196 donecedomo
503 1137 603 1195 furtim
613 1138 686 1196 elabi
700 1136 854 1212 patuerim.
897 1135 1038 1195 Vireuim
1047 1141 1364 1199 mcuatutamnuctem
1418 1178 1420 1184 ι

269 1218 370 1276 misere
382 1217 488 1292 tussiit,
503 1217 613 1276 tricbiis
625 1219 692 1276 bere
705 1219 737 1274 in
750 1235 831 1277 coeua
844 1219 973 1276 offertus.

310 1295 437 1356 Pssnx.
458 1296 557 1356 Sedete
572 1300 668 1376 igitur,
684 1305 716 1355 ut
734 1318 794 1370 vos,
808 1300 924 1373 quando
941 1298 999 1357 buc
1020 1314 1118 1356 omnes
1130 1299 1298 1358 convenisse
1310 1301 1360 1358 vi·

271 1379 337 1454 deo,
352 1379 387 1436 de
400 1377 433 1437 iis
446 1378 630 1458 interrogem,
645 1398 708 1454 quae
722 1378 754 1438 iu
767 1377 851 1440 Scitis
866 1380 981 1440 decreta
992 1384 1071 1454 sunt,
1082 1394 1142 1452 quo
1157 1379 1243 1438 eciam
1255 1398 1293 1440 ea
1312 1381 1363 1440 te·
1418 1428 1419 1431 ,

271 1461 366 1520 ceritis
378 1477 432 1519 nac
446 1479 492 1518 ue.
817 1502 821 1511 .

309 1538 412 1600 MUL.
429 1538 484 1602 lv.
507 1537 570 1617 Ego
583 1558 668 1600 saue:
684 1559 750 1600 nem
764 1541 885 1618 primum
900 1539 1026 1598 omnium
1040 1541 1099 1597 alas
1112 1539 1205 1599 bebee
1218 1539 1364 1602 hirsutius

270 1641 315 1682 res
340 1622 490 1696 fruticeto,
505 1622 601 1680 itidem
625 1629 657 1680 nt
672 1630 857 1682 convenerat.
899 1621 973 1680 Tum
987 1639 1067 1691 reru,
1076 1622 1100 1678 si
1113 1623 1228 1694 quaudo
1242 1620 1288 1681 vir
1299 1643 1365 1684 mc·

271 1721 304 1760 ua
314 1703 351 1760 ad
363 1699 460 1762 furum
471 1721 503 1760 se
515 1703 672 1778 conterret,
687 1709 782 1762 totum
796 1721 902 1778 corpus
916 1704 1122 1779 perungebem,
1136 1703 1220 1764 etsie
1235 1710 1315 1762 staua
1328 1705 1365 1763 im·

269 1784 331 1842 sele
344 1788 410 1840 tute
423 1783 470 1840 uie
480 1785 670 1857 excoquebar.

310 1861 412 1924 MUL.
428 1861 467 1924 V.
490 1861 551 1939 Ego
565 1882 697 1938 quoque:
721 1867 890 1924 novaculam
911 1863 989 1922 enim
1006 1865 1093 1923 dumo
1107 1863 1180 1939 ejeci
1200 1867 1365 1941 extemplo,

270 1947 333 2006 totu
346 1951 380 2002 ut
393 1944 485 2018 pilosa
499 1945 605 2021 fierem,
620 1965 712 2020 neque
726 1946 876 2020 quicquam
889 1944 959 2005 mihi
968 1965 1034 2004 cum
1042 1946 1160 2004 muliere
1172 1947 1361 2006 simileeeset.
1418 1962 1419 1995 ῑ

310 2023 439 2084 PRAX.
463 2023 582 2084 Habetis
594 2045 664 2085 vere
677 2029 793 2102 barbas,
808 2030 978 2102 quibuscum
993 2034 1025 2085 ut
1032 2028 1259 2116 conveniremus,
1273 2028 1364 2087 nobis
1418 2032 1419 2079 i

270 2106 405 2168 omuibus
418 2106 673 2166 edictumfueret?
1242 2119 1259 2192 2

310 2185 414 2245 MUL.
424 2186 481 2245 IV.
506 2185 568 2262 Ege
582 2187 708 2260 quidem,
722 2205 776 2261 per
788 2186 929 2262 Hecaten,
943 2188 1094 2264 pulchram
1107 2187 1216 2246 baucce
1228 2188 1337 2249 babeo.
1418 2170 1419 2237 i

270 2365 435 2486 oreI’nibrtii.
457 2423 520 2486 Vos
534 2432 626 2485 autem
642 2427 897 2503 quidautematis?
966 2440 970 2444 ’

310 2504 416 2566 MUL.
431 2503 489 2567 lv.
510 2505 625 2567 Habere
639 2528 668 2568 se
677 2502 849 2569 autumnis
871 2510 954 2569 dictis
966 2511 1041 2570 enim
1054 2511 1194 2570 adnuunt.

309 2265 413 2326 MUb
427 2265 467 2327 V.
489 2265 552 2343 Ego
564 2265 662 2326 itidem
678 2285 775 2343 unam,
790 2265 932 2343 Epicratis
945 2272 1037 2329 barba
1047 2287 1107 2328 nuu
1119 2269 1209 2344 panto
1228 2269 1364 2346 pulchri·

310 2586 433 2648 Puax.
455 2585 494 2648 let
507 2587 619 2662 quiden
632 2597 728 2650 cetera
740 2593 832 2668 vobis,
845 2597 878 2650 ut
889 2591 982 2663 rideo,
992 2594 1124 2651 factitata
1135 2598 1218 2650 sunit
1233 2589 1363 2652 lacuni-
1418 2566 1419 2569 Ἴ

269 2685 319 2730 cus
331 2671 406 2730 euim
420 2671 529 2730 calceus
542 2671 652 2745 bebetis
665 2679 694 2732 et
707 2673 860 2751 scipiones,
873 2679 1022 2746 vermeque
1033 2674 1138 2751 viriles,
1149 2679 1238 2749 prout
1247 2673 1366 2733 anobis

269 2757 444 2827 preceptum
456 2751 563 2810 tuerat.

309 2830 413 2893 MUL
424 2830 482 2892 vl.
503 2831 567 2908 Ego
589 2834 700 2906 quidam
722 2835 799 2893 huuc
819 2831 931 2893 Lamia
941 2834 1108 2895 dormientis
1121 2835 1258 2894 baculum
1269 2834 1365 2895 dumo·
1418 2898 1419 2929 3

268 2913 356 2974 etiam
369 2921 479 2974 mecum
489 2913 588 2973 musii.

295 2991 413 3054 'MUL.
428 2989 455 3052 1.
478 2989 536 3052 Hic
555 3009 624 3053 eane
636 3011 711 3052 unus.
721 3010 757 3052 ex
769 2993 802 3052 iia
814 2995 924 3054 baculis
936 3002 991 3071 est,
1006 2995 1129 3071 quumm
1142 3012 1257 3072 pressus
1279 3013 1360 3070 pun·

269 3075 338 3135 dere
352 3073 432 3149 pedit
444 3071 568 3133 Lamias.
609 3073 708 3150 Aptae
720 3079 804 3150 esset,
818 3094 869 3151 per
882 3073 904 3136 J
905 3095 986 3136 erem
996 3076 1185 3152 servatorem,
1199 3077 1246 3134 bic
1258 3077 1364 3149 bomo,
1418 3086 1419 3089 ’

269 3155 295 3214 si
309 3152 449 3250 lffauoptae
462 3172 598 3214 renonem
610 3153 754 3234 indueret,
768 3156 927 3217 carnificem
940 3158 1045 3234 quibus
1058 3161 1147 3243 veliet
1157 3157 1249 3217 medis
1261 3157 1364 3216 ludii.-

269 3249 331 3294 08ss

269 3396 384 3458 taudem
406 3416 450 3474 ea,
464 3416 530 3474 qua
552 3399 681 3474 pentheo
693 3398 803 3474 egentia
823 3407 904 3475 aaut,
916 3400 1073 3461 iaciemus?
1096 3407 1255 3462 cenventus
1269 3402 1358 3479 enin,

149 3551 151 3554 v
269 3479 307 3538 ad
320 3496 404 3553 quem
416 3495 470 3538 uns
483 3479 669 3558 accinximus,
683 3480 777 3538 statim
790 3481 829 3540 ab
842 3483 960 3542 surore
967 3483 1164 3545 inchoabitur.
1418 3540 1419 3543 ,

308 3557 412 3619 Mtte
428 3559 455 3620 1.
476 3561 549 3621 Sane
562 3561 683 3621 Ecastor
695 3579 704 3619 s
715 3561 813 3636 itaque
820 3580 926 3640 capere
936 3566 1069 3626 tesedem
1078 3567 1199 3643 oportet
1207 3568 1361 3630 exaurers

269 3655 304 3700 aa
315 3640 478 3715 tribunalis,
492 3641 525 3700 in·
538 3661 599 3716 qno
612 3641 756 3721 Prytaneo
767 3644 878 3704 sedent.

307 3715 412 3820 MiJL.
426 3720 512 3820 vlu·
525 3723 599 3784 Hac
610 3721 724 3800 quidem
736 3741 847 3787 meeum
859 3727 962 3802 emuli,
970 3731 1003 3788 ut
1022 3735 1196 3808 congregata
1213 3727 1363 3792 eandem·

269 3817 682 3962 earffinffienocsgssngengffl
697 3885 810 3950 misera.

308 3959 413 4023 MUL.
424 3964 500 4026 vll.
521 3965 568 4026 lta
580 3985 658 4043 sane,
674 3986 728 4044 per
740 3967 872 4032 Dianam.
912 3969 973 4042 Qui
985 3971 1060 4031 enim
1073 3970 1164 4031 minna
1175 3971 1356 4032 benerbetu·

267 4055 313 4102 τω
323 4043 447 4122 audiam,
461 4049 486 4104 si
497 4050 669 4110 carminum?
691 4049 869 4112 metentem
878 4052 1028 4112 mihimet
1040 4056 1123 4129 pueri
1134 4051 1223 4112 domi.

308 4121 433 4186 Puax.
454 4125 530 4188 Ecce
541 4148 612 4190 vero
625 4131 847 4194 carminantem!
866 4153 952 4210 quam
964 4134 1080 4212 quidem
1091 4137 1202 4194 nullum
1222 4133 1358 4210 carparis

267 4205 429 4300 membrum
437 4209 593 4282 opertebat
604 4213 753 4273 ostendere
765 4217 982 4290 specmteribru.
1023 4212 1084 4275 Res
1097 4235 1166 4276 vero
1180 4217 1256 4274 betia
1267 4221 1298 4274 et
1309 4216 1354 4273 ni·

266 4285 321 4347 nu
329 4303 434 4364 jocosa
444 4290 528 4350 uobis
539 4293 693 4369 accideret,
706 4294 732 4353 si
743 4293 889 4372 irequmti
901 4298 931 4358 in
944 4296 1050 4374 populi
1063 4304 1141 4358 coetu
1151 4295 1357 4356 transcendens

265 4366 541 4434 sensumsensurn
556 4375 712 4456 quapiam,
728 4375 837 4456 rejecta
854 4385 933 4442 reste
953 4379 1069 4458 augium
1099 4379 1266 4442 etenum
1302 4375 1357 4438 Sin

310 3277 437 3375 euax.
459 3313 565 3392 Dicite,
579 3333 688 3392 quaeso,
702 3319 771 3377 dum
790 3318 885 3378 adbuc
905 3323 983 3378 astra
994 3319 1025 3378 in
1045 3322 1120 3381 caelu
1139 3323 1295 3398 apparent,
1310 3320 1363 3394 qui
1418 3390 1419 3393 Ἴ
