2875 4984
524 333 664 397 Aves.
1107 337 1167 397 10·

58 496 184 566 egomet
196 495 278 557 mihi
290 510 328 554 ex
341 492 486 567 Apollinis
499 493 639 553 vaticiniis
649 494 807 569 descripsi:
830 492 927 564 Quum
937 513 1008 555 vero
1022 496 1106 555 homo
1120 499 1168 555 in.

60 580 192 631 vocatus
209 579 347 649 venerit,
358 578 478 651 ineptus
492 582 668 650 ostentator,
680 583 710 637 et
724 578 1001 654 sacrefacientibue
1014 580 1081 635 odio
1095 581 1167 651 erit,

61 662 276 734 celorumque
287 662 407 732 partem
422 658 481 713 eibi
491 657 665 731 flagitabit,
687 666 757 717 tunc
779 659 892 715 demum
915 662 1091 717 verberibus
1108 662 1169 737 ipe·

63 734 171 792 latera
182 737 375 796 contundere
389 743 549 812 oportet—

106 812 214 874 ΕΔΤ.
242 817 383 891 Equidem
397 822 427 875 te
438 836 528 892 nugas
540 816 636 874 dicere
647 819 784 890 arbitror,
1023 882 1025 889 ,

107 893 259 957 PISTH.
280 898 354 957 Hem
366 906 474 973 specta,
488 918 586 957 eccum
597 897 737 959 libellum.
779 896 841 959 Nec
846 918 936 977 parce
947 902 1110 979 quiequam,
1120 918 1173 958 nee

66 978 185 1113 αέἑιίῐω
199 984 238 1037 in
255 982 396 1052 nubibus,
409 997 502 1056 neque
516 983 544 1037 ei
557 980 605 1037 vel
619 981 753 1058 Lampon
759 983 874 1057 fuerit,
888 999 1049 1057 magnaeve
1063 977 1172 1058 Diope·-

67 1063 80 1111 τ
119 1075 147 1115 s.

108 1136 138 1194 F
140 1138 219 1197 AT.
247 1138 310 1198 Isia
322 1138 407 1198 etiam
420 1140 484 1198 istic
497 1140 593 1199 insunt
606 1144 713 1216 scripta
726 1140 737 1199 Ξ

111 1216 261 1280 Plsm
281 1220 354 1278 Hem
367 1227 476 1298 specte,
490 1241 588 1281 eccum
598 1224 736 1282 libellum.
766 1219 797 1281 N
798 1240 836 1281 on
848 1220 928 1279 iores
941 1221 1031 1281 abibis
1044 1222 1075 1283 in
1085 1222 1173 1281 mexi-

70 1315 150 1359 mam
167 1302 281 1359 malam
295 1302 431 1361 crucem?

113 1380 215 1438 FAT.
243 1380 298 1440 Vae
311 1383 379 1438 mihi
393 1380 511 1441 misero!

113 1459 256 1522 PISTH.
281 1460 352 1520 Non
366 1468 398 1521 tu
413 1463 479 1519 hine
493 1470 521 1522 te
533 1464 591 1524 alio
603 1464 746 1541 proripies
759 1464 873 1521 oracula
886 1452 1077 1523 enarratum?

116 1540 233 1599 MET.
256 1542 302 1599 Ad
318 1560 368 1601 vos
382 1546 507 1601 venio-

116 1618 260 1681 PISTH.
275 1623 353 1682 Eece
365 1624 443 1681 aliud
453 1624 556 1681 iterum
566 1622 777 1681 hoecemalum.
793 1622 884 1693 Quam
891 1641 961 1682 vero
969 1624 1008 1681 ob
1018 1642 1130 1683 causam
1141 1630 1174 1683 iu

77 1701 136 1759 hue
155 1703 256 1761 ades?
278 1721 342 1775 quae
357 1706 459 1763 consili
470 1703 568 1762 ratio?
591 1707 669 1777 quod
682 1704 863 1763 institutum?
886 1724 934 1763 cur
948 1706 1053 1763 adhoc
1074 1715 1102 1765 te
1122 1709 1177 1766 iter

78 1783 262 1843 accinxisti?

121 1863 232 1924 MET.
254 1864 386 1924 Dimetiri
400 1864 481 1924 vobis
495 1864 589 1923 adrem
601 1867 682 1943 volo,
697 1885 757 1924 non
770 1885 850 1927 secus
863 1871 948 1939 atque
966 1872 1070 1925 terrem
1084 1872 1180 1930 solent

83 1951 300 2019 geometras&
313 1947 341 2003 in
352 1946 454 2021 jugera
468 1947 607 2017 dirimere.

125 2023 266 2085 PISTH.
288 2024 344 2086 Per
356 2028 424 2085 deos
439 2045 549 2100 quaeso,
563 2026 628 2099 quis
641 2034 674 2083 tu
687 2028 775 2083 homo
789 2026 840 2085 es?

125 2104 236 2165 MET.
257 2106 330 2177 Quis
343 2126 396 2182 ego
408 2106 481 2164 sim?
504 2105 601 2183 Meto,
617 2125 701 2179 quem
713 2108 793 2167 novit
808 2106 924 2165 Graeeia
938 2108 1029 2183 omnis
1041 2111 1071 2164 ei
1089 2106 1177 2167 Colo.

86 2203 154 2247 niis.

127 2265 267 2328 PISTH.
289 2268 344 2328 Dic
357 2270 450 2344 sodes,
466 2269 534 2343 quid
547 2268 619 2327 iilud
633 2280 701 2326 vero
715 2268 755 2326 rei
770 2268 880 2330 habes?

128 2346 239 2408 MET.
261 2348 386 2425 Reguias
400 2350 483 2409 aeris.
526 2349 569 2408 Ut
585 2351 659 2407 enim
683 2350 773 2409 verbo
796 2350 899 2423 dicam,
914 2354 992 2409 iuius
1016 2354 1065 2407 eir
1083 2351 1181 2409 dorma

89 2432 216 2489 maxime
230 2430 383 2490 consimilis
395 2443 438 2489 est
450 2430 558 2489 furno:
581 2450 635 2506 ego
655 2431 743 2505 igitur
760 2430 891 2504 adposite
911 2448 1021 2489 sursum
1044 2432 1098 2491 hec
1120 2433 1182 2506 ipsa

90 2524 181 2569 curva
195 2514 305 2587 regula,
321 2514 508 2586 impositoque
521 2512 861 2585 circino—intelligisne?

132 2588 269 2651 PISTH.
292 2592 360 2651 Non
374 2611 451 2649 sene.

132 2669 239 2731 MET.
261 2674 377 2731 Rectam
390 2673 551 2730 admovebo
570 2674 708 2746 regulam,
723 2670 923 2745 dimidiaeque,
938 2671 980 2730 iia
1001 2676 1035 2728 ut
1058 2671 1182 2729 circulus

94 2750 218 2811 exsistet
229 2753 283 2811 tihi
296 2754 460 2829 quadratus,
474 2755 561 2825 inque
574 2753 667 2811 medio
681 2753 797 2808 forum:
821 2769 856 2808 eo
878 2759 971 2807 autem
986 2751 1090 2809 ducant
1103 2752 1183 2809 undi-

96 2848 154 2902 que
163 2837 218 2895 viae
232 2840 330 2909 reeiae‚
344 2835 380 2892 ad
404 2836 493 2907 ipsum
507 2834 574 2891 iilud
589 2834 722 2904 medium,
738 2833 811 2890 sicut
825 2851 842 2889 a
855 2829 929 2897 Sole,
944 2832 994 2904 qui
1007 2833 1067 2906 ipse
1080 2839 1181 2889 rotun-

96 2913 152 2970 dus
164 2924 222 2985 eet,
236 2916 309 2973 recti
322 2932 548 2988 quaqueversum
564 2914 634 2971 radii
648 2914 799 2989 refulgent.

136 2992 270 3055 PISTH.
292 2995 367 3053 Hem
380 2994 467 3052 homo
480 2994 608 3054 Thaletis
618 2995 709 3052 instar
723 2992 852 3068 sapiens!
875 2991 1001 3051 Meto-

136 3074 242 3135 ΜΕΤ.
264 3075 343 3144 Quid
356 3074 474 3133 me‘vis?

137 3153 270 3217 PISTH.
291 3156 381 3235 Scin’,
403 3174 487 3231 quam
508 3162 538 3213 ie
559 3154 668 3214 amem?
699 3162 786 3229 atque
797 3153 822 3211 si
847 3152 914 3211 mihi
928 3154 1104 3233 obsequeris,
1117 3154 1183 3213 hinc

100 3234 183 3295 ocius
196 3244 226 3297 ie
237 3256 347 3297 emove.

141 3316 244 3377 MET.
264 3317 344 3387 Quid
356 3318 429 3377 enim
443 3323 487 3377 eei
500 3316 640 3390 periculi?
1094 3334 1096 3341 ·

143 3395 1184 3473 PlsTil-SicuiiLacedaemoneperegrinihincexpelluniur,irequenies-

104 3492 158 3551 que
171 3498 225 3555 per
237 3483 337 3539 urbem
350 3480 440 3554 infligi
454 3484 629 3553 occeperunt
642 3479 741 3552 piagae.

144 3559 247 3620 ΜΕΤ.
269 3560 349 3619 Num
363 3567 427 3620 orie
439 3569 483 3629 ¹est
494 3562 568 3616 iuter
583 3577 632 3615 vos
645 3559 770 3618 seditio?

144 3639 275 3701 PISTH.
296 3640 328 3700 N
329 3660 368 3699 on
381 3642 484 3715 edepol
497 3640 579 3697 istuc.

144 3718 246 3780 ΜΕΤ.
266 3721 320 3781 Sed
332 3722 381 3794 qui
394 3719 489 3779 vero?
934 3748 936 3755 1
1170 3746 1173 3755 ¹

145 3799 277 3863 PISTH.
300 3801 450 3862 Communi
460 3818 596 3886 consensu
606 3800 680 3857 maie
689 3801 815 3858 mulcere
824 3814 920 3861 omnes
931 3795 1086 3871 jactatores
1096 3794 1185 3858 visum

88 3886 160 3941 eet.
1004 3904 1008 3911 ·

148 3962 247 4022 MET.
268 3961 371 4037 Itaque
382 3962 478 4025 hercle
492 3980 536 4019 me
548 3961 615 4018 hine
628 3960 794 4020 subducam.

148 4042 278 4105 PIS'I'H.
300 4044 417 4103 Etvero
431 4045 508 4101 haud
517 4043 577 4102 scio
599 4060 636 4099 an
652 4042 736 4099 celeri
748 4040 814 4115 iuge
827 4040 945 4098 verbera
956 4038 993 4099 sie
1006 4038 1182 4097 ditaturus:

32 4148 44 4175 ι
110 4122 170 4183 hec
181 4128 254 4186 enim
268 4145 363 4185 eccee
378 4126 541 4200 propinquo
556 4124 608 4183 tibi
620 4121 794 4198 impendent.

147 4204 246 4268 MET.
269 4206 322 4269 Vae
336 4208 403 4267 mihi
415 4205 535 4267 misero!
