2875 4984
399 390 802 455 ncnnnNnNsns.
1082 392 1146 451 288

54 550 169 611 rathma
195 556 378 629 pugnarunt,
400 555 517 623 acerui3
549 570 615 611 mox
637 544 733 611 autem
754 568 817 607 uuo
843 565 895 607 ore
922 548 1139 606 exclamarunt:

52 632 309 711 Oimpurirra'me,
324 636 545 711 indacrmsera
560 652 646 711 puram
658 637 733 691 citer
746 634 851 691 cociam
863 634 970 688 οἰοιοῖ)
979 626 1140 687 lustinus?

52 716 184 787 ruuulque
196 717 315 790 lapidea
328 716 502 791 colligebant
512 717 540 772 in
553 716 649 789 pallia.
692 712 755 789 Ego
767 710 905 771 antem'iu
918 711 1004 786 peden
1015 728 1061 769 me
1070 726 1141 768 con.

49 794 101 869 jeci
113 815 122 866 ;
143 797 188 853 illi
201 816 280 855 vero
294 816 339 854 me
352 798 493 871 parrecnti
504 804 570 855 unnt
582 794 782 855 vociferanter.

87 874 166 934 DlC.
190 876 486 937 Vodiereuturrano
498 878 549 934 illi.
590 876 637 935 'l'u
652 872 985 934 retuleraueludnciaa?

87 956 219 1015 AMPE.
241 956 335 1033 Fero,
350 958 477 1033 iuquam,
492 960 548 1017 tria
560 959 655 1017 hecco
667 956 830 1033 specimina.
872 953 940 1013 late
953 952 1063 1028 quidem
1072 957 1141 1011 runt

53 1038 301 1178 quigpppnpplepp
324 1056 394 1115 cape
406 1048 436 1099 et
448 1046 541 1115 gnata.

162 1160 170 1176 .
241 1140 293 1178 ur.

88 1200 224 1259 AMPH.
249 1200 330 1269 Quid
343 1200 409 1259 cat?

89 1278 171 1341 nlc.
185 1280 220 1339 N
222 1300 265 1337 um
280 1282 394 1355 placent
404 1282 480 1349 mihi,
488 1280 553 1355 qnia
563 1280 692 1338 redolent
701 1280 794 1353 picem
801 1283 832 1337 et
838 1281 1008 1353 apparatum
1019 1277 1142 1338 narium.

91 1360 230 1419 AMPH.
254 1362 428 1421 Decenualea
441 1364 491 1419 har
504 1380 575 1436 ergo
589 1378 668 1435 cape,
681 1376 785 1433 cunque
797 1367 889 1434 gnata.

90 1438 172 1500 nic.
196 1442 348 1501 Redolent
360 1445 420 1501 ure
434 1444 515 1501 etiam
530 1460 668 1516 perquam
682 1445 785 1500 acerbe
797 1442 907 1517 legetur
919 1440 949 1498 in
971 1441 1056 1497 urben
1076 1438 1143 1498 abe-

55 1528 134 1580 uutce
147 1532 287 1595 questum
300 1526 337 1582 du
348 1524 490 1582 rociorum
503 1539 593 1581 mora.

91 1603 193 1663 ΔΜΡ.
218 1606 266 1662 At
277 1607 338 1663 istae
353 1611 421 1663 aunt
433 1605 554 1663 induciae
569 1604 825 1660 tricannrlcrterra
836 1602 972 1675 marique.

93 1682 176 1743 DlC.
199 1684 230 1743 Ο
244 1685 401 1744 festivitas!
424 1685 554 1743 redolent
566 1686 625 1740 istm
640 1684 753 1756 quidem
774 1684 944 1742 ambrosiam
969 1685 999 1739 et
1020 1684 1139 1752 uectar3

55 1780 106 1820 nec
116 1766 227 1839 jubent
245 1773 432 1825 commeatum
450 1784 550 1840 parare
563 1765 593 1821 in
606 1770 663 1821 tres
676 1766 755 1835 dlea3
777 1766 927 1839 palamque
938 1770 967 1822 et
980 1768 1080 1836 aperte
1099 1762 1142 1821 di·

58 1845 254 1923 cnut‚1,puo
276 1836 377 1904 lubet(
411 1846 471 1905 Hau
491 1848 603 1919 accipio
623 1850 653 1901 et
674 1846 734 1901 libo
755 1854 784 1903 et
804 1846 884 1915 bibo,
908 1843 1142 1901 Acharnenaibna

57 1926 173 1985 multum
187 1927 288 1985 valere
298 1928 401 2003 juncia:
422 1946 475 2004 ego
491 1944 560 1985 voro
574 1926 684 1983 solutus
707 1927 784 1985 bello
804 1931 834 1981 et
855 1926 997 2001 aerumnis,
1014 1942 1059 1981 rua
1077 1922 1141 1999 ibo,

59 2006 153 2079 ibique
169 2025 257 2085 agam
273 2006 424 2067 Liberalia.
1004 2008 1009 2017 “

96 2087 201 2147 AMP.
226 2091 271 2146 At
282 2108 337 2165 ego
349 2090 448 2163 lugere
461 2104 586 2163 pergam,
600 2102 636 2142 ua
649 2102 694 2141 mc
707 2085 868 2160 corripiant
881 2084 1088 2142 Acharnenaer.

96 2166 225 2228 OHOR.
248 2167 311 2227 Hac
323 2172 414 2227 omnir
426 2186 554 2242 sequere,
569 2182 747 2242 persequere,
761 2176 792 2225 et
811 2166 959 2223 ademtam·
974 2165 1010 2222 dc
1029 2164 1144 2223 homine

61 2264 93 2303 ex
105 2251 270 2309 viatoribus
283 2252 433 2307 omnibus:
455 2267 519 2305 nam
532 2250 567 2305 ad
582 2248 784 2320 rempublicam
797 2248 923 2322 pertinet
944 2244 1146 2320 comprehendi

60 2328 132 2387 huuc
145 2332 304 2389 hominem.
345 2330 398 2389 Sed
408 2330 475 2387 mihi
490 2330 624 2387 indicium
636 2328 734 2406 tacite,
748 2331 772 2387 ai
785 2330 848 2404 quia
868 2325 952 2386 novit
972 2344 1095 2401 quonam
1114 2343 1145 2385 re

61 2414 188 2482 gentium
203 2412 348 2469 convertit
361 2415 413 2469 iata
426 2409 476 2483 qni
488 2410 545 2468 l'crt
556 2410 691 2469 induciae.

98 2490 193 2549 SEM.
218 2491 336 2567 Effugit,
349 2492 432 2564 abiit,
446 2492 571 2551 evanuit.

99 2566 229 2631 CHOR.
251 2570 307 2631 Hei
320 2573 388 2631 mihi
402 2572 523 2629 misero!
545 2570 574 2628 Ο
586 2575 697 2628 aetatem
711 2586 800 2627 meum
824 2570 975 2628 senectam!
996 2588 1056 2629 non
1079 2587 1147 2629 sane

63 2647 348 2729 imminuentem,
363 2670 451 2727 quum
465 2656 587 2709 onnstna
611 2647 958 2725 carbouiiua,Phuyllnm
979 2651 1147 2721 assequebar

64 2736 220 2809 currendo,
234 2735 288 2792 iate
301 2735 341 2793 ila
352 2733 436 2791 facile
448 2733 622 2791 induciarum
635 2730 751 2806 gerulus
764 2748 782 2787 a
795 2748 839 2785 me
851 2738 918 2786 tuuc
926 2730 1061 2806 agitatur,
1073 2732 1149 2787 effu.

59 2814 157 2889 genet,
171 2834 228 2873 nec
240 2822 298 2872 ianr
313 2816 367 2873 ieri
381 2814 453 2888 pedo
467 2832 497 2871 ao
509 2814 680 2871 abstulisset.
722 2810 764 2868 Ar
780 2828 871 2879 nuuc,
883 2826 970 2881 quum
981 2810 1043 2887 jam
1057 2812 1150 2887 rigent

63 2910 155 2966 genua
166 2914 242 2965 mea,
256 2902 286 2955 et
298 2892 457 2954 Lucratidae
470 2896 529 2952 aeni
543 2898 760 2968 praegravantur
772 2908 867 2965 crura,
880 2891 987 2965 effugit.

101 2973 196 3035 SEM.
220 2978 263 3033 At
276 2977 407 3050 persequi
421 2994 485 3034 cnm
499 2980 626 3049 oportet.
668 2970 716 3029 Ne
735 2973 839 3028 etenim
861 2989 987 3045 unquam
1009 2988 1063 3029 noa
1083 2970 1149 3031 irri-
1211 2983 1223 3000 Χ

66 3053 140 3130 deal,
153 3058 225 3117 licet
247 3074 327 3115 aenea
353 3059 450 3129 eimau,
471 3055 620 3131 gloriando
642 3070 672 3111 ae
692 3052 890 3110 Acharneuaua
923 3053 1064 3129 effugisse,
1087 3055 1150 3126 qni,

67 3133 85 3190 ὂ
100 3134 222 3212 Jupiter
234 3145 263 3196 et
276 3137 326 3211 dli,
341 3156 405 3195 cum
419 3137 549 3194 hostibus
561 3136 630 3195 meir
643 3134 769 3192 induciae
782 3141 882 3207 pactur
894 3139 949 3207 eat,
964 3141 1066 3191 contra
1079 3150 1152 3207 quoa

68 3232 85 3271 a
98 3234 142 3275 rue
155 3220 264 3277 bellum
278 3217 411 3277 insertum
424 3218 512 3293 magis
524 3216 669 3291 magirque
680 3220 812 3289 augetur,
826 3215 865 3272 ob
878 3219 989 3272 vastata
1000 3232 1064 3272 mea
1077 3232 1153 3289 pre-

68 3296 131 3355 diua
155 3318 212 3359 nec
232 3299 384 3373 ramittam,
400 3300 566 3373 prinnqnam
586 3297 667 3355 relat
686 3296 794 3371 juncea
814 3294 883 3369 ipaia
905 3294 1009 3353 infixna
1032 3296 1156 3353 haermm

67 3384 179 3457 acutus,
194 3382 339 3449 molentun,
353 3380 488 3439 insertans
501 3398 551 3439 eor
561 3377 659 3453 clauae,
673 3394 710 3434 ne
736 3393 863 3449 nuquam
887 3380 1059 3435 conculcent
1079 3392 1156 3433 meur

69 3458 149 3519 riter.
259 3506 262 3515 ,

109 3538 238 3601 CHOR.
259 3538 315 3600 Sed
334 3541 502 3615 conquirere
516 3543 632 3616 oportet
646 3536 832 3595 hominemet
851 3536 993 3611 lapidibus
1015 3552 1080 3592 cum
1103 3535 1157 3592 olr-

68 3636 163 3697 rnare,
176 3627 206 3680 et
218 3624 349 3697 perrnqni
361 3640 378 3681 ο
390 3624 456 3681 loco
469 3624 499 3681 ln
513 3624 616 3690 locum,
629 3620 722 3677 donec
733 3617 895 3677 inveniatur
917 3616 1040 3674 tandem.
1082 3614 1159 3677 Nam

71 3716 124 3777 ego
137 3702 280 3781 lapidibus
292 3722 357 3762 curu
370 3702 495 3778 petendo
509 3702 607 3763 satiari
619 3718 677 3759 uon
691 3717 817 3774 porrum.

121 3906 393 3985 nrcnoronm
414 3853 591 3985 cnonas,
612 3902 902 3983 aroannam,
927 3900 1112 3965 canuno.

315 4015 408 4085 rao,
428 4013 661 4093 nonnullas,
683 4008 922 4075 narmcnoa

118 4168 199 4231 nlc.
222 4170 283 4232 Ore
297 4170 401 4248 fauete,
415 4190 467 4235 oro
479 4138 583 4231 larem.

118 4250 241 4331 CHOR.
258 4254 343 4320 Silctu
355 4272 462 4318 uuum.
497 4247 919 4339 dudirlirurlrunciurcntiaur
931 4250 1097 4329 imperare?
1117 4249 1165 4312 luia
