2875 4984
299 392 361 451 258
658 386 1049 464 aulsroenuuls

343 543 390 605 Is.
411 543 474 625 Ego
486 562 566 623 vero,
581 544 666 623 isici'n
686 552 852 629 contractis,
867 552 1042 621 committens
1066 542 1222 622 mripsmn
1250 543 1388 605 flactibus

303 627 445 702 secundis,
460 632 577 686 multum
588 631 703 704 plorare
718 639 747 690 te
757 633 876 707 jubebo.

346 706 446 782 DEM.
467 707 582 785 litargo,
598 712 703 787 siquid
716 714 839 789 fatiscat,
855 714 992 789 sentinam
1006 709 1174 769 observabo.

346 786 462 846 CLEO.
484 788 516 847 N
517 810 554 848 on
569 800 609 864 tn,
625 794 666 851 ita
679 812 724 852 me
737 793 823 857 Ceres
835 801 921 871 amet,
935 791 1151 855 Atheniensium
1165 789 1257 859 multa
1277 788 1387 853 talenta¹

304 870 420 943 impune
432 870 543 929 iuratus
555 872 652 932 fueris.

347 948 472 1009 CHOR.
493 952 605 1027 Specta,
619 962 648 1011 et
661 954 760 1044 pedem
781 956 836 1031 reli
858 952 987 1025 nonnihil
1008 952 1093 1019 lara;
1116 966 1180 1007 nam
1204 946 1317 1023 &cias
1338 947 1389 1005 isto

303 1031 363 1107 jam
377 1033 527 1092 calumnias
540 1034 640 1109 spirat.
680 1107 683 1111 A

347 1109 466 1189 cluo.
488 1114 531 1173 Te
542 1133 613 1189 reru
626 1120 706 1173 certo
718 1116 778 1173 acio
791 1132 827 1174 er
840 1114 968 1189 Potidaea
979 1114 1084 1173 habere
1096 1112 1190 1168 decem
1206 1111 1329 1167 talenta.

346 1190 393 1250 Is,
415 1192 492 1259 Quid
505 1214 574 1270 ergo
590 1194 601 1252 i
623 1197 680 1253 rin’
695 1204 814 1272 accepto
827 1215 885 1253 uno
897 1199 1015 1253 istorum
1025 1194 1161 1251 talentum
1176 1188 1295 1247 tacere?

348 1272 472 1332 cflou.
496 1274 607 1332 Lubena
621 1279 765 1351 acciperet
777 1280 872 1336 homo.
894 1277 948 1335 Sed
962 1286 995 1337 tu
1007 1282 1149 1343 extremos
1162 1272 1244 1329 funes
1259 1271 1338 1341 laxa.

348 1350 394 1411 IS.
417 1353 529 1413 Ventus
541 1356 668 1414 remittit.

348 1432 465 1493 CLEO.
488 1434 566 1497 Lites
579 1445 704 1511 quatuor
716 1438 769 1495 tibi
782 1439 924 1495 intendam
939 1442 1123 1510 centenorum
1138 1431 1290 1503 talentum.

349 1514 395 1573 ls'.
417 1514 485 1576 Tibi
497 1525 592 1575 autem
603 1537 657 1595 ego
670 1520 770 1595 viginti
791 1520 908 1578 descrtae
929 1518 1047 1594 militia,
1062 1518 1211 1593 peculatus
1233 1529 1306 1569 roro
1327 1510 1387 1583 plut

328 1613 391 1653 uam
403 1599 487 1656 mille.
1017 1602 1020 1617 ¹

308 1613 329 1688 q
351 1666 468 1736 CLEO.
491 1680 548 1736 Aio
563 1686 592 1738 te
605 1696 640 1736 ex
653 1680 709 1737 illis
723 1684 815 1737 ortum
828 1696 900 1757 esse,
916 1678 964 1753 qui
988 1678 1130 1753 piaculum
1144 1675 1174 1733 in
1198 1670 1291 1749 Deam
1304 1668 1388 1743 admi·

306 1774 379 1816 sere.
579 1806 583 1815 .

350 1837 397 1897 ls.
419 1838 515 1896 Arum
529 1844 610 1898 tuum
622 1839 668 1897 aio
682 1857 769 1897 nuum
781 1838 868 1899 fuisse
880 1856 914 1899 ex
926 1838 1135 1919 satellitibus-

349 1916 469 1987 CLEO.
491 1917 686 1988 Quibusnam?
708 1937 844 1979 memora.

349 1984 395 2057 18.
418 1998 558 2079 Byrsinas,
572 2004 669 2058 matris
681 2000 809 2081 Hippiae·
836 1990 838 2001 ¹

351 2076 468 2139 CLEO.
490 2080 637 2156 impostor
649 2102 689 2141 es.

348 2154 396 2219 ls.
418 2158 573 2219 Veterator
581 2182 620 2222 es.

350 2236 477 2299 citou.
499 2240 630 2304 Verbera
640 2242 735 2317 ipsum
747 2240 849 2301 aalide.
1356 2299 1366 2313 ,
1414 2248 1415 2321 l

349 2318 467 2391 CLEO.
485 2319 537 2396 In!
559 2320 616 2382 Iu!
638 2324 801 2380 verberibus
814 2340 859 2380 me
875 2320 985 2381 caedunt
999 2318 1151 2398 conjurati.
1366 2394 1374 2413 ι
1409 2322 1415 2407 l

351 2399 475 2460 CHOR.
498 2401 626 2461 Verbera
638 2406 730 2477 ipsum
744 2403 929 2474 validissim03
961 2405 1050 2461 tunde
1057 2403 1116 2479 ejus
1126 2403 1252 2459 ventrem
1264 2397 1323 2457 tuis
1332 2398 1385 2457 istu
1414 2415 1415 2446 l

311 2480 453 2558 intestinis
466 2482 588 2557 siculis,
602 2490 632 2540 et
643 2484 707 2552 side
719 2490 754 2540 ut
766 2483 885 2559 castiges
899 2482 1052 2543 bominem.
1083 2481 1111 2541 Ο
1125 2482 1312 2551 vastissimum
1327 2498 1385 2538 cor·

277 2567 279 2574 '
310 2576 375 2635 pos,
388 2560 531 2637 animique
544 2562 702 2637 fortissimi,
716 2566 764 2636 qui
780 2568 908 2622 serrator
921 2564 1080 2639 apparuisti
1101 2563 1280 2638 reipublicae,
1295 2562 1384 2619 nobis-

311 2659 366 2720 que
375 2641 496 2719 cipibus,
512 2657 595 2717 qnam
612 2648 702 2724 probe
714 2651 744 2703 et
756 2650 869 2703 versute
888 2647 1102 2725 supplantatum
1119 2641 1254 2724 oratione
1279 2638 1384 2702 vicisti!

311 2724 420 2780 utinam
433 2731 462 2780 te
474 2727 591 2783 laudare
605 2728 754 2801 possimus,
771 2727 812 2783 itn
825 2731 856 2783 ut
867 2725 1020 2801 gestimus!

351 2802 467 2862 CLEO.
490 2804 576 2863 Haud
590 2807 661 2884 clam
674 2825 719 2863 me
731 2813 804 2881 erat,
818 2808 858 2863 ita
870 2824 914 2863 me
928 2802 1013 2865 Ceres
1026 2813 1111 2881 amet,
1123 2806 1179 2883 ista
1193 2803 1290 2881 omnia
1299 2800 1385 2861 strui:

310 2886 359 2943 aed
372 2886 492 2942 sciebam
506 2884 548 2942 ita
560 2887 703 2962 compingi
716 2894 745 2944 et
760 2887 958 2969 conglutinari.
1413 2912 1414 2961 3

351 2964 474 3022 CHOR.
495 2964 552 3025 Hei
565 2966 649 3038 milri!
671 2967 716 3024 Tu
729 2986 798 3025 rero
812 2967 881 3025 nihil
894 2986 932 3026 ex
945 2965 1125 3043 carpentaria
1137 2962 1250 3032 lubrica
1263 2961 1358 3039 dicis?
1413 2988 1414 3041 3

351 3044 396 3103 IS.
418 3044 502 3112 Hand
515 3047 585 3105 clam
599 3050 780 3121 meestquid
800 3066 895 3105 rerum
916 3055 997 3123 gerat
1017 3048 1112 3122 Argis.
1140 3044 1259 3103 Simulat
1281 3045 1386 3119 quidem
1413 3042 1414 3107 l

310 3144 341 3195 se
354 3126 436 3182 nobis
452 3126 577 3206 Argivos
590 3130 762 3201 conciliare:
784 3134 814 3188 at
827 3128 958 3203 priuatim
970 3130 1028 3208 illic
1041 3126 1276 3208 Lacedaemonios
1290 3130 1387 3182 conve-

311 3207 363 3260 nit.
406 3203 503 3278 Atque
515 3207 576 3265 brec
589 3211 657 3267 nori
666 3210 850 3284 quamobrem
864 3210 1046 3289 conflantura
1061 3206 1178 3285 quippe
1191 3214 1314 3283 propter
1327 3220 1386 3278 cap·

312 3285 385 3348 tiros
400 3287 544 3352 cuduntur
1362 3290 1364 3297 ’

351 3352 475 3424 cflou.
498 3329 578 3427 Bebe
590 3388 679 3443 sane3
702 3374 734 3427 tu
750 3376 849 3439 contra
863 3369 943 3444 cude,
958 3388 1043 3444 quum
1058 3370 1106 3426 ille
1120 3366 1313 3445 conglutinat.

324 3516 328 3524 Ι
350 3442 399 3503 18.
420 3449 517 3527 Atque
530 3450 610 3523 illinc
621 3445 706 3508 etiam
719 3452 845 3509 homines
869 3452 980 3523 quidam
1003 3452 1100 3508 eadem
1121 3446 1247 3505 struunt.
1290 3444 1385 3517 Nean

311 3529 353 3597 tu,
368 3528 391 3582 si
402 3531 446 3594 rel
459 3538 607 3604 argentum
621 3538 650 3588 et
662 3549 764 3590 aurum
777 3531 897 3609 dederis,
910 3533 955 3589 rel
969 3532 1053 3609 etiam
1068 3530 1173 3589 amicos
1196 3528 1233 3585 ad
1256 3544 1303 3603 me
1326 3540 1386 3603 sup-

309 3608 445 3679 plicatum
459 3610 577 3687 miseris,
593 3630 638 3670 me
649 3613 783 3687 adduces,
798 3619 831 3669 ut
840 3630 893 3692 ego
915 3612 976 3673 haec
996 3610 1218 3691 Atheniensibus
1237 3620 1297 3685 non
1320 3604 1387 3665 indi·
1412 3656 1413 3663 .

310 3705 382 3753 cem.

352 3766 469 3840 CLEO.
490 3766 628 3843 Equidem
641 3772 718 3830 illico
732 3772 762 3829 in
774 3770 909 3832 Senatum
921 3773 982 3847 ibo,
997 3779 1027 3831 et
1049 3776 1154 3830 vestras
1179 3766 1386 3845 conjurationes

312 3849 447 3922 delerem,
463 3846 496 3906 et¹
506 3851 642 3929 coitiones
656 3860 811 3931 nocturnas
826 3860 926 3911 contra
940 3846 1154 3927 rempublicam,
1169 3858 1199 3909 et
1222 3856 1255 3907 ut
1279 3846 1386 3921 conspi-

312 3930 379 3985 retis
394 3948 458 3987 curn
472 3928 621 3989 Persarum
643 3932 735 4009 Rege,
760 3940 789 3992 et
809 3927 874 4009 ἰεῐιι,1
895 3952 956 4007 quae
979 3932 1057 4012 apud
1080 3931 1198 3990 Boeotos
1223 3926 1387 4005 coagulastis

310 4010 434 4081 negotia.
512 4008 515 4012 ’

261 4127 263 4135 ι
310 4081 314 4090 '
351 4085 395 4145 IS.
419 4088 525 4157 Quanti
538 4112 607 4169 ergo
619 4094 697 4151 uenit
710 4092 785 4166 apud
800 4092 917 4152 Boeotos
930 4092 1051 4151 caseus?

351 4165 470 4226 CLEO.
491 4172 555 4247 Ego
568 4182 606 4240 te,
620 4175 661 4231 ita
672 4193 716 4232 me
723 4174 807 4249 juret
818 4174 966 4249 Hercules,
980 4175 1145 4232 distendam.
1411 4202 1412 4253 3

349 4246 475 4334 GHOR.
505 4255 634 4330 Agedum
659 4261 703 4336 tn,
728 4272 787 4331 qno
814 4256 851 4335 qis
876 4257 1021 4318 animost
1048 4274 1103 4331 qua
1128 4257 1223 4341 ments
1245 4251 1384 4331 proditur,
1411 4254 1412 4294 l
