2875 4984
306 415 367 473 lto
659 397 1053 469 suls-‘rosunum

301 569 368 645 quie
387 570 474 630 etiam
497 572 629 645 regnaret
651 566 681 625 in
694 564 865 626 Grecorum
878 566 1207 642 orbibus‘Agsmemnon
1221 570 1273 626 tu't
1289 566 1397 626 Meni·

302 655 379 727 hus,
393 670 480 727 snper
492 652 612 726 sceptris
627 651 793 708 considebat
805 651 875 726 aris,
892 650 1036 725 particeps
1050 666 1160 724 eornm,
1176 668 1239 724 quae
1253 652 1304 709 ille
1316 650 1397 709 acci·

342 742 387 791 ret
398 736 484 792 dona.

303 751 464 873 PeEUIil..
486 812 521 872 Id
533 812 662 887 equidem
676 812 874 887 ignoraveram
885 828 895 883 ;
917 816 1004 884 atque
1017 810 1089 869 adeo
1102 811 1199 869 mirari
1211 810 1342 885 subibat,
1358 813 1396 869 si.

301 898 418 969 quando
431 898 461 953 in
482 894 622 971 tragoedia
643 894 775 968 prodiret
788 890 915 950 Priapum
939 892 1042 965 aliquis
1056 911 1138 951 asem
1151 900 1262 964 tenens,
1279 912 1347 967 quae
1363 912 1393 949 e.

299 984 381 1035 secta
392 978 424 1034 in
442 994 552 1035 summo
565 980 680 1049 sceptro
693 973 869 1054 Lysicratem
884 974 1059 1051 observaret,
1074 974 1246 1047 quibusnam
1266 976 1318 1033 ille
1331 992 1392 1031 mu-

300 1061 418 1117 neribus
432 1062 675 1131 corrumperetur.

310 1176 315 1183 ,
342 1136 473 1201 PISTH.
494 1136 581 1208 Quod
604 1143 699 1195 sutem
721 1135 847 1193 omnium
869 1134 990 1192 maxime
1012 1136 1171 1194 mirandum
1185 1140 1249 1208 est;
1271 1135 1390 1211 Jupiter

300 1221 361 1296 ille,
377 1223 427 1295 qui
447 1240 523 1278 nunc
545 1226 656 1294 rcgust,
670 1220 790 1292 aquilam
804 1234 883 1274 asem
897 1214 970 1291 gerit
982 1217 1012 1272 in
1027 1219 1131 1291 capite,
1147 1219 1245 1293 utqui
1262 1236 1317 1276 rex
1331 1220 1388 1285 sit;

300 1301 420 1377 ejusque
442 1302 513 1378 lilia,
536 1308 694 1359 noctuams
721 1299 831 1373 Apollo
854 1316 934 1374 vero,
959 1301 1096 1370 tanquam
1118 1298 1253 1379 famulus,
1275 1299 1387 1375 accipi-

301 1388 385 1442 trem.

311 1497 316 1503 ·
341 1461 462 1524 EUEL.
493 1460 626 1521 Cererem
648 1461 791 1530 obtestor,
814 1464 847 1517 ut
868 1460 948 1518 issac
966 1464 1045 1518 recte
1064 1459 1213 1519 fabularis.
1255 1462 1302 1519 At
1319 1480 1387 1520 vero

301 1563 452 1622 quamnam
465 1546 504 1603 ob
518 1557 630 1602 causam
644 1545 698 1600 ista
710 1540 839 1599 habeut?

342 1624 470 1685 PISTH.
492 1624 547 1699 Ut,
561 1644 649 1698 quum
665 1625 728 1697 quis
748 1620 898 1696 sacrificat,
913 1622 1037 1697 ipsisque
1057 1622 1088 1679 in
1107 1640 1215 1697 manus,
1230 1628 1265 1680 nt
1287 1642 1386 1681 sacro.

300 1723 365 1766 rnnr
379 1708 600 1781 estritus,‘exta
619 1706 748 1779 deponit,
763 1706 831 1778 ipsae
852 1702 1033 1763 antedonem
1050 1708 1116 1760 exta
1128 1706 1283 1779 accipiant.
1326 1703 1386 1763 Ne-

301 1806 359 1862 qao
371 1795 440 1845 tunc
463 1787 609 1844 hominnm
623 1788 696 1843 ullus
714 1803 767 1857 per
779 1786 859 1841 deum
874 1788 1031 1861 quempiam
1042 1784 1172 1860 jurabat,
1189 1786 1238 1843 sed
1254 1804 1308 1860 per
1322 1804 1385 1843 ares

300 1868 444 1925 universi:
467 1874 497 1925 et
518 1868 680 1925 adhucdum
693 1864 825 1940 Lampon
848 1884 899 1939 per
922 1885 1048 1925 anserem
1059 1866 1153 1941 jurat,
1165 1884 1253 1941 quum
1276 1868 1385 1941 decipit

300 1951 443 2023 aliquem:
465 1956 550 2006 tanto
563 1962 651 2023 opere
665 1966 715 2004 ros
729 1966 825 2005 omnes
839 1948 958 2005 antehac
970 1947 1145 2006 venerabiles
1158 1953 1188 2005 et
1203 1956 1321 2005 sanctos
1334 1950 1383 2005 ba·

300 2032 446 2089 buerunt:
470 2049 544 2088 nunc
564 2039 659 2087 nutem
672 2031 825 2105 mancipia,
838 2028 934 2087 fatuos
948 2034 977 2087 et
996 2029 1124 2087 servulos
1138 2030 1215 2086 siles.
1258 2026 1383 2103 Jamque

299 2114 373 2171 adeo
385 2131 436 2170 sos
455 2111 485 2168 in
506 2112 619 2184 templis
632 2114 717 2168 etism
737 2118 872 2184 tanquam
885 2110 1010 2169 furiosos
1028 2110 1153 2168 feriunt:
1175 2128 1262 2168 nemo
1275 2128 1336 2168 non
1351 2115 1380 2167 ut

300 2212 354 2251 ros
367 2196 463 2269 capiat
481 2212 586 2265 auceps
601 2192 685 2263 ponit
704 2194 833 2265 laquens,
847 2191 1014 2263 tendiculas,
1029 2193 1133 2267 virgas,
1149 2196 1240 2266 septa,
1255 2195 1381 2263 nebulas,

300 2276 385 2346 retia,
401 2274 529 2346 pediam
555 2273 658 2329 deinde
670 2289 722 2327 vos
735 2280 834 2345 captos
848 2274 973 2329 rendunt
986 2273 1153 2330 universos:
1175 2278 1300 2331 emtores
1315 2291 1379 2330 sero

299 2356 428 2411 manibus
447 2354 534 2409 imum
546 2354 627 2409 sobls
639 2358 766 2410 ventrem
781 2359 982 2411 contrectant:
1005 2370 1099 2427 neque
1118 2359 1238 2426 tantum,
1254 2356 1380 2427 quando.

299 2434 416 2506 quidem
427 2435 482 2489 ista
501 2434 596 2490 facere
608 2432 732 2507 ridetur,
747 2452 797 2490 vos
811 2442 917 2492 assatos
937 2436 1096 2509 adponant,
1112 2436 1161 2493 sed
1174 2436 1379 2493 comminutum

299 2515 400 2573 radula
419 2530 543 2586 caseum,
566 2515 672 2586 oleum,
688 2515 833 2589 silphium,
848 2522 957 2573 acetum
980 2516 1138 2591 adjicioot3
1161 2516 1277 2590 istisque
1302 2517 1378 2575 simul

296 2596 418 2663 intuitis,
430 2594 574 2669 jusculum
591 2594 666 2652 aliud
679 2596 763 2653 dulce
774 2601 805 2654 et
822 2597 927 2672 pingue
940 2596 1108 2669 conficiunt,
1122 2596 1249 2670 illudque
1262 2599 1377 2657 calidum

297 2678 328 2736 iss
343 2694 393 2733 sos
407 2678 485 2750 ipsos
498 2678 659 2749 effundunt,
673 2692 810 2751 tanquam
829 2678 852 2735 si
865 2679 1021 2736 morticina
1036 2694 1135 2736 carnee
1148 2682 1254 2736 essetis.
1408 2726 1409 2737 .

339 2756 466 2816 CHOR.
488 2756 588 2833 Longe
607 2777 687 2831 vern,
703 2761 789 2833 longe
807 2759 1012 2816 acerbissimam
1027 2760 1185 2819 orationem
1205 2760 1376 2835 apportanti,

296 2840 336 2897 mi
350 2840 448 2912 lsomn,
464 2846 498 2896 nt
509 2842 656 2911 deplorem
678 2847 792 2913 patrum
806 2856 932 2897 meorum
944 2840 1095 2915 ignasiam,
1111 2843 1160 2915 qui
1173 2843 1242 2899 istos
1257 2842 1376 2917 amajo·

295 2922 374 2979 ribus
387 2921 507 2976 traditos
520 2920 642 2977 bonores
655 2920 689 2977 ad
705 2938 795 2979 means
808 2938 896 2993 nsque
915 2928 1029 2979 atatem
1043 2940 1100 2979 non
1117 2924 1319 2998 propagarint,
1333 2922 1376 2980 sed

294 3002 406 3061 aboleri
418 2999 548 3057 siverint.
589 2998 634 3059 Tu
646 3020 727 3068 sero,
742 2990 796 3059 d'eo
810 3004 877 3060 mihi
898 3004 1038 3077 propitio,
1053 3009 1082 3061 et
1096 3010 1317 3078 peropportune
1330 3003 1375 3060 ad·
1407 3022 1408 3099 p

293 3079 398 3139 venisti
417 3081 485 3137 mibi
505 3088 642 3141 servator.
684 3081 754 3140 Tibi
771 3085 846 3140 euim
861 3086 1014 3143 commissis
1035 3086 1180 3159 pullisque
1194 3086 1262 3143 meis
1275 3090 1306 3142 et
1320 3102 1375 3141 me·
1407 3102 1408 3167 p

293 3161 429 3233 metipso,
451 3179 553 3219 secure
577 3162 685 3237 degam.
727 3162 780 3222 Sed
802 3164 869 3239 quid
890 3166 986 3223 lacere
1010 3166 1155 3243 expediat,
1171 3172 1199 3223 tu
1221 3184 1275 3223 nos
1300 3182 1374 3223 nunc
1407 3168 1408 3232 l

294 3258 420 3318 praesens
442 3241 552 3299 edoce:
575 3260 639 3300 uam
653 3246 748 3304 sinere
768 3264 821 3303 nos
834 3254 912 3305 certe
929 3245 1075 3323 indignum
1088 3252 1142 3324 est,
1156 3249 1209 3305 nisi
1222 3247 1373 3321 redipiscs·

293 3338 357 3379 mur
369 3322 469 3393 quovis
483 3329 569 3396 pacto
582 3343 698 3399 regnum
711 3335 853 3386 nostrum.

333 3401 459 3461 PlSTH.
483 3402 521 3460 lit
540 3406 663 3477 primum
683 3409 778 3481 itaquo
802 3426 917 3479 moneo,
933 3427 990 3466 una
1003 3413 1037 3465 ut
1056 3408 1149 3468 avium
1164 3407 1203 3466 sit
1215 3408 1304 3466 orbs:
1329 3408 1373 3465 de·

290 3483 358 3558 inde
373 3493 404 3541 ut
418 3487 509 3542 omnis
522 3485 572 3543 a'e‘r
585 3487 705 3557 circum,
719 3497 808 3565 atque
822 3492 986 3547 universum
999 3488 1089 3549 lsocce
1100 3492 1282 3549 intervallum
1297 3508 1372 3549 com·

290 3567 444 3623 moeniatur
459 3569 565 3642 magnis
579 3570 717 3628 lateribus
732 3571 893 3644 coctilibus,
908 3571 951 3628 uti
968 3570 1110 3649 Babylon.

329 3644 389 3704 ΕΡ.
414 3645 602 3707 OCebriono
614 3658 644 3709 et
656 3647 834 3730 Porphyrio,
851 3670 935 3725 quam
950 3654 1106 3710 terribilem
1120 3650 1238 3711 urbemi

327 3726 458 3787 PISTH.
481 3728 575 3788 Porro
588 3739 680 3791 autem
693 3752 782 3805 quum
803 3734 855 3790 illa
876 3732 964 3791 suerit
986 3735 1122 3807 excitata,
1137 3732 1287 3807 imperium
1301 3736 1339 3789 ut
1357 3746 1371 3786 s

288 3804 365 3867 Jose
378 3811 534 3884 repetatis:
557 3810 581 3867 si
602 3821 696 3871 antem
710 3816 831 3890 negarit,
847 3820 876 3871 et
896 3816 1034 3890 uoluerit,
1050 3832 1143 3887 nequo
1155 3812 1301 3886 extemplo
1315 3830 1371 3869 sua

286 3884 342 3943 sibi
362 3890 563 3950 imbecillitatis
577 3896 707 3953 conscius
722 3895 909 3972 consenserit,
924 3914 1036 3954 sacrum
1057 3897 1097 3952 illi
1112 3898 1216 3953 bellum
1229 3895 1370 3967 indicatis,

285 3966 412 4043 ¹electaque
425 3973 527 4030 vetetis
550 3992 603 4048 per
617 3986 737 4036 vestram
754 3978 897 4053 regionem
920 3982 1031 4053 rigente
1044 3995 1134 4035 nervo
1151 3977 1283 4046 transire,
1299 3978 1370 4033 sicut

286 4055 372 4106 anton
390 4051 608 4132 descendebant,
622 4061 807 4128 Alcumenas,
823 4060 935 4133 Alnpas
949 4066 978 4117 et
990 4058 1111 4119 Semeles
1124 4058 1306 4131 stupratori:
1330 4057 1368 4113 sin
1404 4080 1405 4105 1

285 4129 400 4206 adast,
416 4140 450 4192 nt
464 4139 617 4196 mentulam
629 4143 670 4199 eis
690 4140 780 4199 annio
795 4140 1011 4216 constringatis,
1027 4160 1063 4199 ne
1078 4140 1200 4213 amplius
1214 4140 1276 4197 illas
1289 4138 1368 4193 intu-

283 4216 345 4271 snt.
386 4212 434 4271 Ad
456 4215 585 4278 homines
607 4228 703 4281 autem
716 4224 801 4281 alium
823 4223 920 4283 alitem
934 4242 985 4281 sos
998 4225 1114 4281 mittere
1128 4224 1253 4296 legatum
1264 4219 1364 4294 jubeo,

283 4294 442 4378 uteribus,
455 4304 561 4376 utpote
580 4318 702 4381 regum
722 4304 844 4384 adeptis,
859 4320 941 4366 sacra
960 4300 1063 4365 dehinc
1084 4302 1203 4381 laciaut,
1218 4308 1249 4361 et
1268 4299 1366 4359 deinde

1401 4888 1403 4950 l
