2875 4984
500 384 684 452 VESPAE.
1081 400 1141 458 285

61 544 187 607 BDEL.
212 544 282 607 Per
308 548 379 607 deos
401 549 535 627 obsecro,
547 552 588 609 mi
606 558 701 631 peter,
715 571 753 612 ne
775 554 956 632 condemnes,
973 555 1139 631 priusquam

27 630 122 687 umbos
137 628 315 688 audireris.
804 706 807 713 V

65 708 176 768 PHIL.
199 710 281 784 Sed,
298 709 418 786 dhone,
432 728 478 769 res
490 710 641 771 manifeste
652 718 696 770 est
705 733 715 785 3
738 714 802 789 ipss
815 718 887 774 enirn
904 718 1020 775 clamat.

63 788 239 849 ΧΑΝΤΗ.
264 798 305 847 ut
319 790 407 849 ACC.
429 791 477 851 Ne
488 811 558 867 ergo
565 794 699 851 dimittite
708 813 784 870 eum,
797 803 899 871 utpote
912 800 960 870 qui
973 798 1065 855 multo
1080 816 1141 856 our·

27 873 102 927 nium
125 890 243 928 canum
271 869 468 930 lubentissime
490 876 568 933 sotus
592 881 686 952 rorat,
701 878 749 950 qui
771 878 1013 953 circumnaviguns
1033 886 1141 937 morte.

29 954 113 1020 rium,
129 950 261 1010 urbium
278 953 373 1010 exedit
388 959 522 1011 crustum.

66 1030 181 1092 PHIL.
206 1032 287 1091 Nec
298 1032 368 1090 uriisi
382 1034 455 1090 odeo
468 1023 608 1109 superest,
626 1034 674 1107 qui
687 1036 772 1093 rimus
785 1036 916 1095 obturem
931 1039 1019 1097 urcei.

64 1110 240 1172 XANTH.
264 1120 301 1171 ut
313 1111 401 1172 ACC.
422 1109 549 1173 Proinde
555 1114 643 1171 istum
655 1118 811 1191 castigate:
832 1134 976 1193 nunquam
988 1119 1062 1177 enim
1077 1124 1144 1193 poi.

31 1193 84 1248 erit
96 1212 157 1251 une
171 1195 288 1252 demus
300 1196 371 1251 duos
390 1196 469 1252 iures
486 1196 582 1254 aiere:
604 1214 641 1253 ne
654 1197 685 1255 in
697 1215 803 1255 renum
816 1198 925 1257 frustra
947 1202 1050 1257 latreus
1064 1218 1118 1275 ego
1129 1218 1155 1272 3·

32 1272 71 1329 sin
84 1274 200 1349 minus,
216 1274 363 1349 deinceps
374 1294 435 1331 non
451 1277 575 1334 ietrebo.

69 1353 189 1413 PHIL.
213 1354 297 1429 Hui,
310 1354 378 1413 hui!
399 1363 521 1429 quantes
541 1355 605 1431 ejus
627 1360 858 1417 commemoravit
874 1360 1034 1433 nequitias!
1056 1360 1141 1419 iuret

33 1434 154 1492 omnino
167 1437 224 1494 ilie
250 1437 343 1493 homo
357 1442 410 1494 est.
452 1434 563 1494 Nonne
574 1444 607 1495 et
627 1440 680 1495 tibi
692 1440 815 1513 ridetur,
836 1440 933 1516 guile?
956 1460 999 1499 uae
1024 1442 1142 1512 hercle3

33 1516 135 1572 adnuit
148 1518 203 1575 ille
217 1518 352 1594 quidem.
392 1514 473 1574 Heus
496 1522 529 1575 tu
541 1516 766 1577 Thesmothete!
787 1522 908 1593 ubi,iiie
920 1520 987 1579 est?
1009 1523 1145 1578 matulam

34 1596 101 1652 mihi
112 1598 175 1655 det.

74 1676 154 1735 SOS.
177 1684 214 1735 ut
236 1668 389 1735 THRsM.
412 1673 479 1750 lpse
500 1676 602 1736 demes
624 1694 688 1735 narn
712 1698 767 1755 ego
790 1681 1000 1738 resuscitabo.
1044 1678 1147 1739 Lebeti

37 1762 119 1815 testes
136 1759 298 1829 adsunt03
320 1758 443 1832 cutinus,
455 1757 602 1833 pistillum,
616 1760 729 1835 radnie,
745 1759 895 1830 craticula,
911 1762 980 1837 olle,
997 1767 1148 1837 ceteraque

40 1839 136 1896 aduste
149 1858 235 1897 vase.
282 1837 338 1896 Sed
350 1840 466 1896 meiisne
478 1844 509 1895 tu
522 1839 628 1912 adhuc,
642 1858 696 1899 nec
709 1840 809 1899 sedes?

79 1916 195 1979 PHIL.
220 1918 384 1979 Nondum:
406 1920 456 1975 sed
467 1919 550 1976 istum
563 1920 691 1977 arbitror
703 1928 866 1979 eeceturum
880 1921 975 1981 hodie.

79 1997 204 2058 BDEL.
229 2002 345 2057 Annon
358 2000 468 2056 desines
491 2000 598 2074 rigidus
619 2002 868 2071 aestumetur,
882 2002 968 2073 idque
986 2018 1053 2080 erga
1072 2017 1148 2075 reos,

44 2095 218 2155 semperque
241 2080 286 2138 eis
305 2080 450 2137 mordicus
472 2077 646 2137 inierebisi
668 2080 800 2140 Ascende
820 2090 864 2157 tu,
880 2078 1029 2155 behem-et
1043 2082 1150 2139 crimen

44 2174 145 2235 purga.
191 2160 279 2231 Quid
291 2162 388 2217 teccs?
411 2161 558 2233 eloquere.

83 2237 197 2299 PHIL.
221 2242 281 2300 Sed
295 2240 351 2298 iste
364 2238 437 2296 nihii
451 2240 556 2299 hebere
569 2239 694 2316 ridetur,
708 2240 788 2313 quod
802 2241 889 2299 dicet.

85 2318 208 2379 BDEL.
233 2319 334 2380 Habet
352 2318 485 2392 quidem:
517 2320 662 2381 sedidem
683 2322 712 2379 ei
737 2327 809 2395 puto
832 2321 976 2397 eccidisse,
992 2320 1070 2394 quod
1083 2320 1153 2379 oiim

50 2401 221 2461 acciditreo
235 2400 420 2479 Thucydidi:
443 2403 549 2462 buccas
569 2408 691 2476 stupore
712 2420 861 2481 percussus
884 2404 1030 2459 obmutuit
1043 2403 1150 2459 subito.

51 2479 171 2541 Facesse
192 2484 289 2541 trine:
311 2483 454 2556 egoenim
469 2499 582 2539 censam
604 2488 680 2539 tuem
702 2482 862 2541 defendam.
904 2482 1025 2540 Difficile
1037 2482 1152 2555 quidem

53 2570 104 2637 est,
117 2563 136 2619 ὂ
151 2564 222 2638 siri,
239 2564 359 2622 crimine
383 2563 524 2620 insidioso
547 2561 674 2619 arcessiti
689 2563 767 2619 cunis
782 2563 973 2636 patrocinium
986 2563 1151 2637 susciperer

50 2643 142 2706 ‘dicam
157 2646 270 2703 tumen.
311 2643 411 2702 Bonus
424 2642 500 2699 enim
513 2648 557 2698 est
569 2648 599 2699 et
610 2642 697 2714 lupos
709 2640 803 2719 inqut.

92 2720 209 2784 PHIL.
234 2725 331 2784 Immo
343 2723 390 2779 fur
403 2725 456 2780 iste
468 2723 581 2795 quidem
594 2727 625 2778 et
638 2720 819 2796 conjuratus.

94 2802 219 2865 BDEL.
243 2803 420 2876 Neutiqusm
441 2804 559 2861 hercles
581 2802 630 2859 sed
653 2808 753 2869 netum
768 2804 906 2876 quantum
920 2806 963 2859 est
977 2816 1080 2858 cenum
1102 2816 1155 2873 op-

57 2882 140 2943 timus
153 2893 211 2962 est,
226 2886 333 2960 quique
348 2885 439 2959 possit
451 2901 571 2960 preesse
582 2900 687 2957 magno
700 2885 812 2955 pecori.

98 2964 210 3025 PHIL.
235 2967 279 3025 At
291 2984 361 3023 vero
375 2965 445 3039 quid
458 2966 588 3039 prodest,
602 2965 626 3020 s'i
642 2980 755 3021 caseum
769 2959 915 3020 comedit?
1056 3014 1059 3023 ,

101 3044 225 3112 BDEL.
250 3044 364 3121 Nempe
382 3062 438 3120 pro
459 3053 490 3103 te
512 3050 631 3121 pugnet,
657 3049 688 3100 et
710 3043 838 3101 custodit
857 3042 986 3115 januum,
1007 3042 1158 3111 ceteraque

60 3128 185 3199 optimus
198 3133 266 3198 este
296 3128 321 3185 si
332 3131 428 3185 eutem
441 3126 585 3201 quidpiam
602 3124 754 3200 surripuit,
769 3122 901 3182 condona
914 3140 978 3209 eum
990 3139 1000 3193 3
1022 3119 1160 3189 citharam

63 3208 136 3264 enirn
150 3212 269 3283 pulsare
280 3208 381 3267 nescit.
946 3210 953 3221 “

102 3284 216 3349 PHIL.
238 3286 351 3351 Vellem
365 3286 508 3363 equidem,
523 3292 558 3344 nt
579 3303 634 3345 nec
645 3284 744 3345 literas
765 3285 862 3362 sciret,
877 3288 911 3342 ut
923 3300 960 3342 ue
972 3284 1088 3357 patrato
1101 3294 1161 3337 sce·

65 3366 123 3425 lere
136 3373 298 3430 orationem
313 3369 534 3443 conscripsisset.
769 3427 775 3437 ,
876 3390 879 3397 ·

106 3446 230 3511 BDEL.
252 3450 341 3525 Audi,
357 3450 377 3508 d
397 3452 484 3524 bone,
498 3464 577 3506 meos
599 3451 695 3506 tester.
737 3445 870 3503 Ascende
882 3449 926 3517 tu,
940 3442 1053 3512 reduto,
1068 3444 1097 3495 et
1116 3442 1163 3500 dio

67 3529 126 3587 ulte
146 3535 241 3591 ro'cer
274 3538 306 3589 tu
325 3532 401 3589 enim
425 3539 493 3588 tunc
514 3535 682 3603 questurum
704 3528 880 3584 exercebesz
903 3522 1045 3597 responde
1066 3522 1161 3581 clere:

69 3624 166 3670 nonne
178 3612 368 3674 comminuisti
389 3612 526 3671 militibus
537 3601 690 3669 dividenda
702 3626 767 3683 quae
781 3602 954 3680 acceperas?
977 3603 1029 3660 Ait
1041 3620 1071 3661 se
1085 3620 1165 3673 come

70 3694 215 3753 minuisse.

110 3770 221 3833 PHIL.
241 3772 297 3833 Sed
308 3771 450 3831 mehercle
460 3771 608 3829 mentitur.
1057 3829 1064 3839 ,

114 3850 237 3913 uuus.
252 3848 287 3913 Ι0
301 3855 390 3927 bone,
399 3853 533 3911 miserere
542 3852 724 3911 afflictorum.
766 3846 826 3906 Iste
839 3844 914 3929 euim
927 3842 1021 3902 Lebes
1029 3846 1059 3900 et
1071 3843 1168 3916 ospite-

76 3930 197 4003 piscium
217 3934 280 3993 edit
297 3940 329 3993 et
349 3934 464 4011 spinos:
485 3950 539 3990 uec
561 3926 731 4007 unqueiuin
744 3930 842 3988 eodem
856 3929 923 3986 loeo
937 3928 1042 3983 munet.
1083 3922 1167 4019 Alter

78 4028 147 4071 roro
159 4018 210 4077 iile
219 4016 294 4076 nihil
305 4016 385 4074 eliud
398 4014 453 4073 scit
465 4030 552 4087 quum
565 4014 680 4073 domum
693 4010 855 4070 custodires
877 4008 985 4083 quippe
998 4022 1114 4064 manens
1128 4007 1169 4061 ibr

79 4108 202 4177 temper,
217 4099 395 4174 quaeeuisqne
405 4096 470 4180 quis
483 4093 601 4173 inferet,
614 4112 714 4170 eornm
726 4097 840 4171 purtem
852 4090 907 4150 sibi
919 4088 1048 4179 flagitet:
1070 4086 1095 4147 si
1108 4086 1169 4161 quis

82 4174 421 4260 mromnmuuoruet
434 4175 601 4240 semidiem
688 4251 690 4254 ¹
