2875 4984
527 385 694 460 RANAE.
982 357 991 374 s
1048 489 1052 497 ι
1140 405 1187 462 ca

120 547 269 612 Bucen.
292 547 414 612 Pessime
426 569 550 632 peream,
564 557 617 613 nisi
630 553 787 616 Xanthiam
802 553 913 618 deamo.

112 631 277 767 'XAfiN'iJIL
300 632 390 709 Noui,
405 635 471 691 novi
485 641 607 694 mentem
622 643 712 711 tuam,
726 637 822 696 deaiuo
843 637 932 712 ioqui.
974 634 1075 699 Nolim
1098 635 1173 698 Her.

72 725 111 765 cu
124 729 155 766 es
192 731 243 769 en.
877 731 881 740 ’

115 788 269 848 Bucen.
291 789 412 850 Minime
424 793 548 866 gentium
561 794 617 852 hoc
630 794 747 870 dixeris,
762 797 799 852 mi
814 793 979 856 Xanthiacc.

82 901 102 944 ·.
114 867 281 928 XANTH.
305 869 342 928 Et
354 873 500 954 quomodo
513 873 676 932 Alcumenae
690 873 765 933 fitius
779 875 839 933 dect
854 892 964 952 possem
987 895 1051 954 ego,
1066 879 1116 952 qui
1135 879 1172 936 ci·

70 950 138 1004 mul
153 965 250 1006 cervus
264 956 293 1008 et
305 951 435 1008 mortalis
449 954 535 1009 uum?

81 1055 87 1064 ·
116 1027 268 1086 BAOGli.
288 1028 365 1103 Soio,
380 1033 440 1088 acio
454 1039 482 1088 te
501 1033 601 1090 iratum
615 1051 685 1104 csse,
700 1033 787 1110 idque
800 1053 858 1092 non
882 1035 999 1110 injuria.
1041 1033 1172 1094 Etiamsi
1284 1062 1287 1068 ·

67 1125 119 1164 me
134 1110 310 1181 verberares,
326 1117 419 1168 tecum
434 1129 492 1168 nou
507 1115 729 1186 expostularem.
773 1113 865 1172 immo
877 1117 903 1172 at
913 1117 943 1172 in
959 1122 1103 1190 postorum
1118 1135 1169 1173 on·

73 1205 168 1259 quam
178 1190 230 1245 tibi
251 1197 417 1247 ornamenta
429 1191 641 1266 hacademero,
655 1195 791 1251 radicitus
804 1201 834 1252 et
843 1213 896 1270 ego
909 1203 939 1253 et
950 1211 1025 1253 uxor
1035 1195 1172 1270 tiberique

71 1269 207 1340 pessimis
219 1271 355 1342 exemptis
369 1285 526 1345 pereamus,
541 1280 572 1330 ut
585 1273 780 1330 Archedemus
792 1275 899 1347 lippus.

120 1343 277 1406 XANTH.
293 1351 416 1424 Accipio
427 1350 639 1427 jusjurandum,
647 1362 677 1411 et
692 1354 746 1411 hac
761 1354 925 1414 conditione
943 1355 1171 1414 ornatumadsu·

72 1444 136 1484 mo.

118 1505 247 1565 CHOR.
271 1507 358 1567 Nunc
371 1515 451 1568 tuum
465 1511 654 1586 estonum,
671 1511 823 1586 posiqmm
836 1517 969 1570 ornatum
984 1512 1061 1570 itunc
1075 1529 1171 1576 rursus

74 1587 227 1660 accepisti,
240 1605 323 1660 quem
345 1589 467 1652 habebas
490 1594 580 1667 priua,
594 1593 751 1666 juvenilem
765 1593 886 1650 animum
906 1593 1056 1650 ostendere
1070 1609 1171 1664 unque,

74 1674 106 1720 et
122 1683 220 1722 rursus
233 1673 345 1726 torvum
360 1672 444 1740 tueri,
458 1672 502 1727 dei
516 1690 665 1729 memorem
674 1670 851 1746 iiiiua‚cujua
860 1691 919 1747 prae
935 1670 1170 1745 intercapecicm.

75 1743 211 1810 Quodsi
233 1749 319 1804 ctuite
344 1764 403 1805 rem
429 1767 526 1824 genere
552 1753 782 1826 deprehenderis,
805 1756 833 1808 et
860 1750 1172 1824 aliquidcommiacris,

75 1825 158 1896 quod
167 1826 281 1883 multem
289 1832 318 1884 et
326 1828 456 1901 ignavum
470 1841 581 1905 arguat,
591 1833 684 1889 denuo
693 1833 795 1889 toitcce
809 1838 837 1888 te
846 1832 970 1904 stragula
981 1849 1092 1890 neccsse
1105 1830 1171 1888 crit.

121 1903 278 1962 XANTH.
301 1905 378 1964 Bene
390 1911 521 1980 monotic,
537 1912 556 1967 d
570 1914 672 1969 amici:
695 1913 744 1969 sed
758 1917 787 1967 et
801 1912 879 1983 ipsus
889 1910 985 1966 eadem
996 1911 1055 1982 jam
1065 1925 1173 1966 mecum

77 1984 193 2058 cogito.
236 1985 323 2042 istum
338 1988 461 2060 quidem,
475 1991 498 2044 si
513 1991 579 2046 boni
592 1989 891 2062 eveneritquidpiam‚
906 1989 1096 2046 haecadimcre
1111 2003 1174 2044 rur·
1192 2021 1196 2026 ,

77 2075 129 2122 aus
143 2071 315 2124 conaturum
329 2067 396 2122 miii
410 2074 454 2122 sat
465 2070 545 2124 acio:
567 2071 615 2124 aed
633 2076 725 2125 tamen
739 2085 793 2140 ego
807 2071 944 2139 praebebo
965 2085 1008 2123 mc
1022 2069 1124 2122 tortem
1144 2069 1175 2123 et

76 2145 252 2216 animosum,
265 2153 294 2202 et
306 2148 419 2211 acerbe,
434 2147 512 2203 vetut
523 2148 682 2222 origanum,
698 2155 836 2203 tuentem.
878 2144 924 2202 ita
934 2146 1098 2203 faciundum
1108 2146 1174 2213 crit,

80 2232 116 2280 ut
131 2222 264 2280 videtur:
287 2243 350 2281 nam
365 2225 451 2282 audio
463 2225 522 2298 jam
538 2229 676 2298 crepitum
690 2223 797 2300 jauuae.

124 2299 229 2363 AEAC.
251 2303 448 2379 Coustcingite
460 2305 539 2362 ocius
554 2304 631 2362 hunc
644 2307 815 2379 cantarem,
829 2311 862 2362 ut
872 2306 1045 2379 poenaadet:
1069 2321 1174 2380 prope·

81 2388 159 2440 rate.
471 2409 475 2418 ·

126 2460 271 2521 BACCH.
295 2463 428 2522 imminet
439 2466 604 2524 nonnemirii
618 2469 732 2526 maium.
1061 2539 1065 2544 ,

124 2542 283 2600 XANTH.
305 2543 411 2602 Nonne
424 2545 452 2602 in
467 2548 567 2603 maiam
582 2567 640 2604 rem
652 2547 753 2605 ibitis?
774 2563 812 2603 nc
825 2547 959 2604 accedite.

124 2619 233 2681 [ΕΑΘ.
256 2623 403 2682 Εἰα,οῐίαω
420 2641 544 2699 pugnare
564 2627 688 2701 incipis?
711 2627 758 2684 To
782 2623 891 2702 Dityia,
905 2637 935 2683 et
950 2633 980 2683 tu
994 2619 1175 2693 Suebiio,tu.

81 2721 144 2778 que
155 2700 295 2778 Pordaca,
309 2705 434 2762 accedite
448 2707 503 2762 huc
516 2714 545 2762 et
558 2708 721 2780 depugnata
735 2723 797 2762 cum
811 2707 877 2760 isto.

128 2781 277 2841 BACCH.
299 2783 407 2842 Nonne
419 2802 490 2860 ergo
503 2803 547 2843 res
560 2787 677 2860 indigna
690 2786 754 2844 est?
782 2785 905 2842 istumna
918 2779 990 2838 alios
1012 2781 1174 2851 verberare,

82 2863 137 2939 qui
151 2864 242 2920 iurati
255 2864 346 2924 atiena
358 2865 420 2936 ipse
433 2865 529 2924 colet?
567 2891 569 2898 ⁴
637 2887 641 2896 ·

127 2941 291 3000 XAN'I'H.
317 2942 460 3002 infinitum
474 2951 623 3018 quantum.

155 3021 236 3079 «ΑΟ.
263 3021 414 3098 indignum
429 3025 541 3096 quidem
558 3034 588 3081 et
600 3024 825 3095 intolerandum,
838 3021 940 3078 fateor.

164 3101 290 3160 ANTH.
312 3102 402 3176 Atqui
413 3122 463 3177 per
473 3102 574 3162 Jovcm
581 3105 651 3178 juro
664 3123 672 3174 3
694 3107 716 3160 si
731 3119 854 3176 unquam
864 3103 929 3157 veni
943 3100 1010 3173 huc,
1021 3097 1111 3156 emori
1124 3114 1177 3154 roo

85 3183 131 3256 io,
147 3188 198 3238 aut
210 3183 233 3240 si
247 3185 397 3256 quicquam
412 3191 525 3240 tuorum
543 3183 654 3242 iuratus
675 3201 745 3252 sum,
758 3183 836 3254 quod
849 3182 892 3236 vei
908 3179 994 3238 uuiua
1014 3181 1066 3252 piii
1078 3179 1177 3236 incias.

87 3260 130 3319 Et
143 3279 212 3318 ecce
225 3263 357 3336 incipiam
373 3255 484 3320 iaciuua
497 3281 664 3338 generosum
678 3284 686 3322 ε
718 3265 816 3334 accipe
830 3263 904 3317 hunc
917 3277 1041 3331 aeacum,
1063 3261 1092 3315 ct
1115 3266 1177 3313 toc-
1228 3304 1233 3315 .

87 3343 193 3399 mentia
207 3359 243 3398 ex
256 3361 290 3400 eo
305 3361 362 3401 rem
378 3361 483 3420 quere,
497 3349 595 3418 atque,
609 3342 833 3418 eimeinjucium
845 3340 1074 3413 deprehenderis,
1083 3333 1181 3394 abduc.

86 3439 134 3482 me
148 3428 176 3478 et
188 3423 324 3480 occidito.
797 3441 801 3450 ·

130 3498 239 3558 AEAC.
260 3500 412 3570 Quomodo
425 3507 495 3578 ergo
508 3503 656 3574 queram?

131 3577 286 3639 XANTH.
308 3580 446 3641 Omnibus
460 3581 568 3640 modis:
598 3583 628 3638 iu
640 3583 717 3639 scala
729 3599 795 3640 enm
808 3577 909 3654 iiguna,
926 3576 1111 3650 suspendens,
1126 3573 1179 3630 iia.

88 3660 172 3737 gellis
186 3662 308 3733 medena,
322 3665 481 3736 excorians,
496 3667 643 3734 torquens,
659 3663 728 3736 quin
747 3661 991 3717 nuribuc‘acctum
1012 3656 1179 3727 intundcoa,

61 3772 65 3785 ·
89 3743 194 3798 lateres
209 3743 376 3816 imponens:
400 3749 494 3800 cetera
502 3741 669 3800 omuiaiac:
692 3739 951 3814 tantumuepocris
964 3737 1181 3802 verbereseum,
1199 3787 1205 3792 .

91 3839 147 3878 uec
159 3821 222 3877 aliis
236 3823 328 3880 novis.

121 3899 239 3958 ¹AEAC.
260 3899 524 3974 AEquapaaedicaca
541 3903 633 3959 tumui
644 3895 1180 3964 verhcnbmmmitaveroubicenom,

91 3983 313 4058 praesentarium
325 4002 343 4038 a
355 4001 400 4038 me
414 3983 504 4056 petito
516 3988 671 4058 eugenium.
924 4025 929 4039 .

135 4061 163 4118 X
166 4059 292 4118 ANTH.
314 4059 385 4120 Non
402 4064 500 4135 utique
512 4079 586 4137 ego:
608 4063 657 4121 sed
670 4061 711 4118 ita
723 4060 804 4118 hunc
814 4057 967 4114 abductum
982 4061 1098 4127 torque.

136 4137 240 4200 AEAC.
263 4140 357 4199 Immo
369 4142 399 4198 in
413 4141 469 4198 hoc
482 4143 545 4215 ipso
556 4143 675 4213 ioco‚ut
684 4159 780 4198 curam
794 4141 823 4195 iu
836 4156 869 4194 us
882 4139 933 4194 tibi
940 4137 1030 4202 dicati
1049 4149 1052 4154 ·
1073 4131 1119 4189 Tu
1132 4131 1180 4188 ‹ie-

94 4239 174 4296 pone
190 4223 314 4280 sarcinas
327 4222 416 4293 ocius,
431 4238 465 4279 ac
478 4221 542 4278 vide
553 4228 586 4279 ut
596 4222 665 4278 nihil
679 4221 726 4277 hic
739 4219 817 4276 dican
829 4217 966 4273 mendaci.
1060 4292 1067 4306 .

137 4298 285 4359 BACCH.
309 4301 398 4362 Edico
411 4309 444 4360 ut
455 4317 503 4358 ma
513 4315 601 4358 nemo
610 4307 757 4372 torqueat,
773 4298 820 4368 qui
841 4314 902 4352 aum
916 4293 1104 4354 inmortuae
1126 4290 1184 4362 cin,

95 4385 148 4439 tua
162 4381 246 4456 cuipa
259 4381 312 4442 tibi
325 4380 439 4442 evenire
451 4385 562 4458 putato,
577 4379 713 4454 quidquid
727 4376 854 4436 evenerit
866 4377 942 4433 mati.
1164 4391 1170 4398 ·
