2875 4984
261 372 320 428 rsa
611 365 1006 428 anrsrornnnss
1057 445 1062 454 .

299 523 455 586 s‘rssut’s.
477 521 561 582 Bona
574 527 671 585 rerba.
714 525 762 586 Ne
784 525 1025 584 maledixerisde
1047 524 1115 583 viris
1128 524 1309 601 sapientibus
1322 531 1356 583 et

260 609 398 681 cordatis,
414 623 551 681 quorum,
568 627 627 682 pre
650 610 834 681 parsimonia,
850 609 946 663 nullus
969 623 1094 678 unquam
1115 624 1145 664 sc
1168 607 1285 664 tonderi
1295 613 1355 662 aut

260 688 365 763 exnngi
378 690 454 760 sirit,
468 703 559 761 neque
572 691 601 745 in
615 691 750 747 balneum
762 690 816 745 isit
825 689 962 744 lavatum.
1003 685 1048 743 'l'n
1069 705 1151 762 rere,
1165 693 1304 760 tanquam
1328 689 1354 744 si

260 777 390 864 mortuus
402 785 502 846 essem,
516 787 560 828 me
572 771 655 827 bonis
674 770 754 828 eluis.
795 765 850 826 Sed
870 769 917 826 abi
939 771 1155 843 quamprimum,
1170 774 1201 828 et
1223 785 1280 842 pro
1305 786 1354 824 mc

262 850 414 988 dlsi’dlll).
435 929 513 998 Quid
525 947 594 989 vero
606 931 676 987 boni
689 927 793 987 abillis
807 930 877 986 disci
892 927 1009 1002 potest?

302 1007 456 1069 STREPS.
480 1011 583 1070 Itane?
615 1012 707 1068 omnis
730 1011 854 1069 humana
877 1011 1027 1084 sapientia.
1078 1007 1154 1076 Quin
1179 1024 1350 1084 cognosces,

262 1111 348 1187 qirnm
365 1091 427 1166 ipse
440 1094 477 1151 sis
492 1095 567 1151 rudis
581 1098 611 1152 et
623 1091 736 1168 pinguis
748 1093 863 1166 ingeni:
894 1091 942 1148 scd
957 1091 1123 1167 praestolare
1136 1106 1182 1145 mc
1204 1092 1352 1164 paulisper

261 1173 412 1312 hlcl'HID.
434 1251 490 1311 Hei
504 1254 590 1310 mihi?
611 1254 678 1326 quid
701 1253 812 1321 faciam,
824 1253 963 1309 delirante
977 1248 1080 1325 patre?
1112 1247 1297 1307 Vocatumuc
1321 1250 1350 1305 in

262 1333 480 1473 {rgmdgementie
492 1353 558 1392 enm
570 1353 701 1410 arguam,
716 1353 752 1392 an
765 1333 1029 1410 labrisloculorum
1043 1329 1165 1388 indicem
1184 1330 1249 1405 ejus
1272 1333 1351 1388 insa-

303 1493 459 1554 STREPS.
480 1497 545 1572 Age
558 1495 679 1570 rideam,
691 1513 842 1569 quemnam
857 1499 940 1568 putas
954 1492 1031 1549 hunc
1045 1490 1126 1549 esse?
1146 1490 1194 1571 dic
1207 1489 1288 1548 milri.
1409 1580 1410 1583 Ἴ

302 1573 413 1634 ΡΗΙΙ).
434 1583 682 1634 Ansurrrous.

302 1655 458 1714 STREPS.
480 1655 557 1714 Bene
570 1673 647 1714 sane.
689 1655 774 1715 Hane
786 1673 867 1728 vero,
881 1654 950 1727 qnid
964 1670 1024 1710 eam
1038 1670 1098 1710 esse
1111 1652 1186 1711 dices
1200 1652 1213 1710 l

303 1735 416 1794 ΡΗΙΙ).
438 1741 685 1794 nnsurrrorsn.

304 1814 461 1874 STREPS.
483 1812 601 1872 Idemne
616 1823 770 1889 utrumque
814 1816 950 1873 ridiculus
964 1831 1006 1872 es.
1046 1811 1094 1870 Ne
1106 1815 1202 1893 itaque
1211 1815 1346 1890 deinceps

263 1901 306 1958 ita
318 1896 444 1956 dixeris?
466 1896 515 1953 sed
528 1895 601 1954 banc
614 1915 687 1956 roco
702 1903 999 1956 AAEK'm'AntsN:
1020 1895 1105 1950 istum
1114 1913 1182 1963 sero
1191 1905 1350 1954 AAEKTO·

305 2056 414 2120 ΡΗΙΙ).
437 2067 717 2120 ΑΛΕΚΤΡΥΑΙΝΑΝ
730 2055 845 2132 inquis?
860 2058 986 2131 haecdnc
997 2063 1053 2118 tam
1064 2058 1204 2130 preclara
1213 2055 1347 2131 didicisti,

264 2141 344 2199 intro
357 2142 495 2217 ingressus
509 2155 602 2214 nuper
615 2141 651 2198 ad
664 2142 767 2215 impios
779 2142 844 2197 illos
857 2137 982 2196 Telluris
994 2137 1091 2196 filios?

310 2219 467 2279 STltliPS.
489 2221 609 2292 Alisqne
631 2227 770 2294 praterea
789 2221 899 2300 multa:
920 2221 971 2278 sed
992 2219 1217 2293 quandocunque
1236 2217 1347 2293 aliquid

266 2302 449 2372 addiscerem,
464 2303 603 2357 continuo
617 2300 815 2367 obliviscebar,
829 2301 909 2358 annis
921 2301 1103 2376 prepeditus.

307 2379 360 2441 PH
365 2380 418 2438 [D.
441 2377 549 2436 ideone
562 2381 646 2437 etiam
659 2386 765 2438 restem
779 2381 948 2454 perdidisti?
1025 2385 1029 2394 “

310 2459 466 2518 STREPS.
487 2459 529 2515 At
541 2462 614 2518 enim
629 2479 688 2522 non
704 2462 834 2536 perdidi:
855 2479 953 2530 rerum
968 2462 1068 2519 studiis
1081 2459 1218 2540 impeqdi.

307 2538 418 2598 ΡΗΙΙ).
441 2538 559 2598 Calceos
572 2559 641 2600 vero
652 2559 711 2613 qim
726 2541 880 2611 contulisti,
893 2544 913 2600 d
927 2542 1049 2600 stolide?

311 2617 469 2680 STREPS.
494 2620 535 2679 Ut
555 2619 692 2696 Pericles,
711 2623 746 2680 ad
769 2624 941 2681 necessarios
959 2642 1027 2680 usus
1049 2621 1169 2698 perdidi.
1210 2620 1265 2687 Sed
1285 2641 1348 2698 age,
1412 2630 1413 2645 ³

268 2705 393 2778 embola,
407 2721 518 2762 eamus:
540 2709 581 2778 ct,
595 2704 682 2762 modo
704 2706 778 2778 patri
791 2703 829 2760 sis
853 2707 1025 2777 obsequens,
1037 2719 1089 2778 per
1110 2720 1154 2775 me
1170 2719 1238 2763 ssoc
1251 2721 1347 2776 pecca.
1412 2706 1413 2761 l

270 2783 429 2860 Egnatium
443 2804 488 2844 me
502 2785 569 2841 olim
585 2784 640 2842 tibi
654 2785 815 2854 adhucdum
828 2784 945 2844 sexenni
960 2788 1020 2842 scio
1033 2788 1202 2842 obsecntnm
1214 2801 1276 2842 esse
1288 2785 1348 2840 bal.
1412 2788 1413 2791 ’

268 2867 400 2939 bntienti,
414 2865 529 2943 quando
544 2866 662 2942 obolum
674 2866 753 2922 illum
767 2884 851 2939 quem
865 2884 900 2923 ex
914 2865 1023 2924 Heliaea
1035 2865 1158 2943 primum
1172 2882 1348 2942 acceperam,

268 2965 305 3004 ex
318 2966 353 3006 eo
366 2948 418 3003 tibi
431 2947 487 3002 emi
499 2946 662 3016 plostellum
675 2943 757 3003 Joris
769 2947 854 3004 testo.

309 3026 418 3085 ΡΗΙΙ).
440 3023 576 3082 Proiecto
589 3026 642 3083 tibi
657 3027 724 3082 olim
738 3029 791 3084 ista
799 3022 959 3085 molestiam
974 3027 1094 3101 parient
1157 3046 1161 3057 ·

308 3105 467 3164 STREPS.
490 3104 566 3162 Bene
579 3123 656 3178 sane,
671 3107 750 3179 quod
762 3125 870 3165 morem
884 3111 968 3182 geris.
1002 3109 1091 3176 Ades,
1101 3105 1157 3162 huc
1170 3107 1248 3179 ades,
1263 3105 1283 3161 ὂ
1298 3104 1347 3162 So.

269 3194 373 3259 crates,
387 3187 520 3261 egredere
532 3205 541 3257 ;
563 3188 673 3246 adduco
683 3189 758 3246 eninr
771 3189 825 3246 tibi
836 3199 954 3264 gnatum
966 3191 1053 3247 istum
1066 3204 1168 3263 meum,
1181 3188 1228 3244 cni
1241 3189 1286 3246 rel
1298 3206 1347 3244 no-

270 3268 341 3325 lenti
355 3267 488 3341 persuasi.

309 3345 394 3406 SOC.
415 3345 498 3405 Enim
513 3364 585 3420 pucr
593 3356 637 3406 est
646 3351 741 3408 adhuc
750 3351 1032 3426 rerumimprudens,
1040 3355 1070 3408 et
1080 3349 1216 3412 corbibus
1225 3348 1273 3406 lric
1282 3367 1347 3422 pen·

270 3428 404 3487 dentibus
417 3447 476 3485 non
490 3429 632 3488 adsuetus.

310 3509 419 3568 ΡΗΙΙ).
440 3509 487 3567 Tu
502 3527 569 3567 sane
579 3513 711 3568 adsuetus
725 3510 785 3586 fies,
800 3514 823 3570 si
838 3512 969 3586 pendeas.

309 3588 464 3648 STREPS.
476 3587 584 3649 Nonne
593 3594 621 3649 in
631 3594 732 3650 malam
744 3611 801 3652 rem
812 3593 886 3650 ibis?
901 3592 1036 3666 magistro
1047 3596 1078 3649 tu
1089 3588 1251 3649 conuicium
1259 3587 1325 3646 diois
1336 3588 1346 3646 Ξ
1359 3597 1363 3610 “

310 3669 391 3730 SOC.
415 3669 491 3730 Ecce
503 3678 597 3728 autem
613 3676 640 3729 si
648 3674 789 3748 pendeus,
802 3673 896 3746 inquit
907 3672 916 3730 l
936 3691 1023 3746 quam
1036 3673 1124 3730 stulte
1135 3672 1249 3729 locutus
1258 3677 1311 3743 est,
1321 3676 1348 3726 et

269 3751 351 3808 labiis
364 3751 505 3810 diductis?
526 3749 683 3818 Quomodo
703 3754 760 3811 lete
771 3772 893 3827 unquam
907 3754 1039 3823 disceret,
1053 3769 1175 3827 quanam
1200 3759 1263 3808 arte
1275 3751 1349 3825 jndi-

270 3830 318 3887 cio
331 3834 537 3904 absolveretur,
552 3841 601 3890 aut
610 3840 694 3891 tester
704 3837 816 3910 citaret,
823 3843 878 3892 aut
886 3837 1012 3894 clevaret
1020 3834 1171 3893 adrersarii
1181 3830 1272 3901 dicta,
1284 3850 1349 3888 con-

270 3913 413 3985 trariaque
427 3914 629 3984 persuaderet?
651 3917 731 3986 atqui
744 3915 805 3973 lsoec
818 3935 873 3991 pro
887 3916 995 3984 talento
1008 3915 1107 3972 didicit
1120 3912 1317 3990 Hyperbolus.

311 3989 464 4051 STREPS.
486 3991 535 4050 Ne
559 3995 597 4051 sis
620 3995 781 4052 sollicitus:
803 3997 875 4054 doce
897 3997 1002 4067 modos
1024 4013 1090 4052 nam
1111 3994 1276 4073 ingeniosus
1298 3997 1347 4048 est.

272 4069 383 4139 Etenim
398 4089 484 4143 quum
496 4075 588 4132 adhuc
601 4092 672 4149 puer
685 4077 813 4133 tantillus
832 4085 917 4151 esset,
927 4077 988 4150 jam
1000 4077 1078 4134 intus
1092 4075 1220 4150 fingebat
1240 4073 1348 4144 domos,

270 4159 301 4210 et
315 4168 398 4208 nares
412 4154 571 4227 sculpebat,
587 4163 616 4212 et
629 4158 761 4230 plostello
775 4159 903 4214 coriacea
918 4157 1091 4228 fabricabat,
1103 4164 1134 4213 et
1147 4172 1182 4214 ex
1208 4155 1349 4228 putamine

270 4233 410 4291 malorum
424 4235 595 4308 punicorum
619 4254 700 4295 ranas
717 4237 842 4296 iaciebat
854 4239 1010 4299 scitissime.
1050 4236 1105 4300 Sed
1119 4243 1152 4294 tn
1165 4236 1203 4292 da
1225 4251 1348 4309 operam,
