<?xml version="1.0" encoding="UTF-8"?>
<!DOCTYPE html PUBLIC "-//W3C//DTD XHTML 1.0 Transitional//EN"
    "http://www.w3.org/TR/xhtml1/DTD/xhtml1-transitional.dtd">
<html xmlns="http://www.w3.org/1999/xhtml" xml:lang="en" lang="en">
 <head>
  <title>
</title>
<meta http-equiv="Content-Type" content="text/html;charset=utf-8" />
  <meta name='ocr-system' content='tesseract 3.04.00' />
  <meta name='ocr-capabilities' content='ocr_page ocr_carea ocr_par ocr_line ocrx_word'/>
</head>
<body>
  <div class='ocr_page' id='page_1' title='image "aristophaniscom00brungoog_0272.png"; bbox 0 0 2875 4984; ppageno 0'>
   <div class='ocr_carea' id='block_1_1' title="bbox 286 374 1030 461">
    <p class='ocr_par' dir='ltr' id='par_1_1' title="bbox 286 374 1030 461">
     <span class='ocr_line' id='line_1_1' title="bbox 286 374 1030 461; baseline 0.011 -14"><span class='ocrx_word' id='word_1_1' title='bbox 286 400 353 461; x_wconf 67' lang='lat' dir='ltr'>m</span> <span class='ocrx_word' id='word_1_2' title='bbox 517 374 519 381; x_wconf 46' lang='lat'><em>&#39;</em></span> <span class='ocrx_word' id='word_1_3' title='bbox 624 389 1030 457; x_wconf 71' lang='lat' dir='ltr'>unistorflnms</span> 
     </span>
    </p>
   </div>
   <div class='ocr_carea' id='block_1_2' title="bbox 220 554 1420 3858">
    <p class='ocr_par' dir='ltr' id='par_1_2' title="bbox 220 554 1390 795">
     <span class='ocr_line' id='line_1_2' title="bbox 220 554 1384 633; baseline -0.005 -12"><span class='ocrx_word' id='word_1_4' title='bbox 220 594 225 601; x_wconf 93' lang='lat'><em>·</em></span> <span class='ocrx_word' id='word_1_5' title='bbox 287 562 351 622; x_wconf 76' lang='grc' dir='ltr'><strong>ιιιι</strong></span> <span class='ocrx_word' id='word_1_6' title='bbox 364 554 396 617; x_wconf 85' lang='grc' dir='ltr'>ιι</span> <span class='ocrx_word' id='word_1_7' title='bbox 409 554 746 620; x_wconf 66' lang='lat' dir='ltr'>machematetrados</span> <span class='ocrx_word' id='word_1_8' title='bbox 766 556 888 631; x_wconf 77' lang='grc' dir='ltr'><strong>ιιιιοιι</strong></span> <span class='ocrx_word' id='word_1_9' title='bbox 904 555 947 614; x_wconf 93' lang='lat' dir='ltr'>his</span> <span class='ocrx_word' id='word_1_10' title='bbox 969 554 1063 615; x_wconf 77' lang='lat' dir='ltr'>serbis</span> <span class='ocrx_word' id='word_1_11' title='bbox 1082 570 1143 613; x_wconf 88' lang='lat' dir='ltr'>nou</span> <span class='ocrx_word' id='word_1_12' title='bbox 1166 554 1276 630; x_wconf 73' lang='lat' dir='ltr'>meurs,</span> <span class='ocrx_word' id='word_1_13' title='bbox 1289 573 1384 633; x_wconf 85' lang='lat' dir='ltr'>snper</span> 
     </span>
     <span class='ocr_line' id='line_1_3' title="bbox 286 637 1390 714; baseline -0.004 -15"><span class='ocrx_word' id='word_1_14' title='bbox 286 641 449 699; x_wconf 86' lang='lat' dir='ltr'>haemensa</span> <span class='ocrx_word' id='word_1_15' title='bbox 471 637 653 696; x_wconf 75' lang='lat' dir='ltr'>minutissime</span> <span class='ocrx_word' id='word_1_16' title='bbox 675 638 759 695; x_wconf 83' lang='lat' dir='ltr'>rader</span> <span class='ocrx_word' id='word_1_17' title='bbox 780 655 844 694; x_wconf 90' lang='lat' dir='ltr'>cum</span> <span class='ocrx_word' id='word_1_18' title='bbox 864 654 946 696; x_wconf 87' lang='lat' dir='ltr'>caseo</span> <span class='ocrx_word' id='word_1_19' title='bbox 966 638 997 698; x_wconf 94' lang='lat' dir='ltr'>in</span> <span class='ocrx_word' id='word_1_20' title='bbox 1017 642 1140 712; x_wconf 85' lang='lat' dir='ltr'>moreto,</span> <span class='ocrx_word' id='word_1_21' title='bbox 1165 643 1195 695; x_wconf 88' lang='lat' dir='ltr'>et</span> <span class='ocrx_word' id='word_1_22' title='bbox 1216 638 1390 714; x_wconf 60' lang='lat' dir='ltr'>harpagio«</span> 
     </span>
     <span class='ocr_line' id='line_1_4' title="bbox 287 716 930 795; baseline -0.005 -15"><span class='ocrx_word' id='word_1_23' title='bbox 287 721 429 795; x_wconf 85' lang='lat' dir='ltr'>correptis</span> <span class='ocrx_word' id='word_1_24' title='bbox 442 720 577 777; x_wconf 90' lang='lat' dir='ltr'>testiculis</span> <span class='ocrx_word' id='word_1_25' title='bbox 590 719 686 777; x_wconf 80' lang='lat' dir='ltr'>trehet</span> <span class='ocrx_word' id='word_1_26' title='bbox 700 722 730 777; x_wconf 91' lang='lat' dir='ltr'>iu</span> <span class='ocrx_word' id='word_1_27' title='bbox 743 716 930 777; x_wconf 85' lang='lat' dir='ltr'>Ceramieum.</span> 
     </span>
    </p>

    <p class='ocr_par' dir='ltr' id='par_1_3' title="bbox 286 798 1383 1117">
     <span class='ocr_line' id='line_1_5' title="bbox 329 798 1383 874; baseline -0.005 -13"><span class='ocrx_word' id='word_1_28' title='bbox 329 798 447 861; x_wconf 79' lang='lat' dir='ltr'><strong>CLEO·</strong></span> <span class='ocrx_word' id='word_1_29' title='bbox 469 800 522 874; x_wconf 76' lang='lat' dir='ltr'>st,</span> <span class='ocrx_word' id='word_1_30' title='bbox 536 800 556 859; x_wconf 84' lang='lat' dir='ltr'>d</span> <span class='ocrx_word' id='word_1_31' title='bbox 569 798 668 874; x_wconf 89' lang='lat' dir='ltr'>Deme,</span> <span class='ocrx_word' id='word_1_32' title='bbox 683 800 832 872; x_wconf 83' lang='lat' dir='ltr'>quomodo</span> <span class='ocrx_word' id='word_1_33' title='bbox 843 798 978 857; x_wconf 81' lang='lat' dir='ltr'>exsistere</span> <span class='ocrx_word' id='word_1_34' title='bbox 990 799 1082 871; x_wconf 82' lang='lat' dir='ltr'>possis</span> <span class='ocrx_word' id='word_1_35' title='bbox 1101 798 1181 872; x_wconf 83' lang='lat' dir='ltr'>ciris,</span> <span class='ocrx_word' id='word_1_36' title='bbox 1195 798 1247 871; x_wconf 88' lang='lat' dir='ltr'>qui</span> <span class='ocrx_word' id='word_1_37' title='bbox 1271 804 1304 857; x_wconf 86' lang='lat' dir='ltr'>te</span> <span class='ocrx_word' id='word_1_38' title='bbox 1318 817 1383 856; x_wconf 80' lang='lat' dir='ltr'>me·</span> 
     </span>
     <span class='ocr_line' id='line_1_6' title="bbox 286 878 1383 959; baseline -0.004 -20"><span class='ocrx_word' id='word_1_39' title='bbox 286 882 331 959; x_wconf 86' lang='lat' dir='ltr'>gis</span> <span class='ocrx_word' id='word_1_40' title='bbox 344 889 430 956; x_wconf 82' lang='lat' dir='ltr'>amet,</span> <span class='ocrx_word' id='word_1_41' title='bbox 442 899 527 955; x_wconf 83' lang='lat' dir='ltr'>quam</span> <span class='ocrx_word' id='word_1_42' title='bbox 540 879 616 955; x_wconf 78' lang='lat' dir='ltr'>egoi</span> <span class='ocrx_word' id='word_1_43' title='bbox 637 882 783 955; x_wconf 75' lang='lat' dir='ltr'>precipue</span> <span class='ocrx_word' id='word_1_44' title='bbox 795 898 880 954; x_wconf 89' lang='lat' dir='ltr'>quom</span> <span class='ocrx_word' id='word_1_45' title='bbox 893 882 946 937; x_wconf 90' lang='lat' dir='ltr'>tibi</span> <span class='ocrx_word' id='word_1_46' title='bbox 959 878 1027 936; x_wconf 84' lang='lat' dir='ltr'>meis</span> <span class='ocrx_word' id='word_1_47' title='bbox 1048 879 1174 944; x_wconf 87' lang='lat' dir='ltr'>consiliis</span> <span class='ocrx_word' id='word_1_48' title='bbox 1187 879 1284 937; x_wconf 90' lang='lat' dir='ltr'>utenti</span> <span class='ocrx_word' id='word_1_49' title='bbox 1308 898 1383 939; x_wconf 80' lang='grc' dir='ltr'><strong>ιιι.</strong></span> 
     </span>
     <span class='ocr_line' id='line_1_7' title="bbox 287 960 1382 1038; baseline -0.002 -17"><span class='ocrx_word' id='word_1_50' title='bbox 287 963 526 1038; x_wconf 62' lang='lat' dir='ltr'>locupletaverint</span> <span class='ocrx_word' id='word_1_51' title='bbox 540 963 678 1035; x_wconf 73' lang='grc' dir='ltr'><strong>ιιιιιιιιι,</strong></span> <span class='ocrx_word' id='word_1_52' title='bbox 694 963 765 1020; x_wconf 91' lang='lat' dir='ltr'>alios</span> <span class='ocrx_word' id='word_1_53' title='bbox 777 962 949 1034; x_wconf 84' lang='lat' dir='ltr'>torquendo,</span> <span class='ocrx_word' id='word_1_54' title='bbox 963 960 1035 1019; x_wconf 85' lang='lat' dir='ltr'>alios</span> <span class='ocrx_word' id='word_1_55' title='bbox 1047 960 1190 1035; x_wconf 84' lang='lat' dir='ltr'>ungendo,</span> <span class='ocrx_word' id='word_1_56' title='bbox 1201 961 1240 1019; x_wconf 84' lang='lat' dir='ltr'>ab</span> <span class='ocrx_word' id='word_1_57' title='bbox 1249 961 1317 1019; x_wconf 78' lang='lat' dir='ltr'>aliis</span> <span class='ocrx_word' id='word_1_58' title='bbox 1331 980 1382 1037; x_wconf 80' lang='lat' dir='ltr'>pe·</span> 
     </span>
     <span class='ocr_line' id='line_1_8' title="bbox 288 1042 1243 1117; baseline -0.005 -14"><span class='ocrx_word' id='word_1_59' title='bbox 288 1044 398 1113; x_wconf 87' lang='lat' dir='ltr'>teudo;</span> <span class='ocrx_word' id='word_1_60' title='bbox 420 1060 478 1107; x_wconf 92' lang='lat' dir='ltr'>noo</span> <span class='ocrx_word' id='word_1_61' title='bbox 492 1061 591 1103; x_wconf 84' lang='lat' dir='ltr'>curans</span> <span class='ocrx_word' id='word_1_62' title='bbox 605 1044 783 1117; x_wconf 78' lang='lat' dir='ltr'>privatorum</span> <span class='ocrx_word' id='word_1_63' title='bbox 796 1042 897 1115; x_wconf 90' lang='lat' dir='ltr'>ullum,</span> <span class='ocrx_word' id='word_1_64' title='bbox 912 1043 981 1098; x_wconf 92' lang='lat' dir='ltr'>dum</span> <span class='ocrx_word' id='word_1_65' title='bbox 995 1042 1047 1099; x_wconf 90' lang='lat' dir='ltr'>tihi</span> <span class='ocrx_word' id='word_1_66' title='bbox 1058 1042 1243 1116; x_wconf 80' lang='lat' dir='ltr'>gratificarer.</span> 
     </span>
    </p>

    <p class='ocr_par' dir='ltr' id='par_1_4' title="bbox 289 1122 1382 1842">
     <span class='ocr_line' id='line_1_9' title="bbox 329 1122 1382 1198; baseline -0.004 -16"><span class='ocrx_word' id='word_1_67' title='bbox 329 1122 373 1182; x_wconf 85' lang='lat' dir='ltr'>IS.</span> <span class='ocrx_word' id='word_1_68' title='bbox 396 1123 479 1183; x_wconf 83' lang='lat' dir='ltr'><strong>Istud</strong></span> <span class='ocrx_word' id='word_1_69' title='bbox 493 1126 614 1197; x_wconf 88' lang='lat' dir='ltr'>quidem,</span> <span class='ocrx_word' id='word_1_70' title='bbox 630 1124 648 1183; x_wconf 83' lang='grc' dir='ltr'><strong>ὂ</strong></span> <span class='ocrx_word' id='word_1_71' title='bbox 664 1122 764 1198; x_wconf 87' lang='lat' dir='ltr'>Deme,</span> <span class='ocrx_word' id='word_1_72' title='bbox 779 1122 852 1185; x_wconf 86' lang='lat' dir='ltr'>nihil</span> <span class='ocrx_word' id='word_1_73' title='bbox 864 1124 948 1181; x_wconf 86' lang='lat' dir='ltr'>hahet</span> <span class='ocrx_word' id='word_1_74' title='bbox 962 1124 1110 1194; x_wconf 79' lang='lat' dir='ltr'>praeclaris</span> <span class='ocrx_word' id='word_1_75' title='bbox 1132 1140 1198 1179; x_wconf 89' lang='lat' dir='ltr'>uam</span> <span class='ocrx_word' id='word_1_76' title='bbox 1211 1123 1289 1179; x_wconf 84' lang='lat' dir='ltr'>idem</span> <span class='ocrx_word' id='word_1_77' title='bbox 1302 1139 1382 1195; x_wconf 78' lang='lat' dir='ltr'>prae·</span> 
     </span>
     <span class='ocr_line' id='line_1_10' title="bbox 289 1200 1382 1279; baseline -0.005 -14"><span class='ocrx_word' id='word_1_78' title='bbox 289 1205 374 1265; x_wconf 63' lang='lat' dir='ltr'>daho</span> <span class='ocrx_word' id='word_1_79' title='bbox 386 1214 416 1265; x_wconf 85' lang='lat' dir='ltr'>et</span> <span class='ocrx_word' id='word_1_80' title='bbox 428 1222 501 1279; x_wconf 86' lang='lat' dir='ltr'>ego:</span> <span class='ocrx_word' id='word_1_81' title='bbox 524 1207 632 1265; x_wconf 72' lang='lat' dir='ltr'>alienos</span> <span class='ocrx_word' id='word_1_82' title='bbox 643 1204 717 1272; x_wconf 84' lang='lat' dir='ltr'>euim</span> <span class='ocrx_word' id='word_1_83' title='bbox 733 1222 820 1278; x_wconf 85' lang='lat' dir='ltr'>panes</span> <span class='ocrx_word' id='word_1_84' title='bbox 834 1202 947 1277; x_wconf 82' lang='lat' dir='ltr'>rapiens</span> <span class='ocrx_word' id='word_1_85' title='bbox 959 1208 1131 1276; x_wconf 72' lang='lat' dir='ltr'><strong>anteponam</strong></span> <span class='ocrx_word' id='word_1_86' title='bbox 1145 1202 1207 1260; x_wconf 86' lang='lat' dir='ltr'>tihi.</span> <span class='ocrx_word' id='word_1_87' title='bbox 1251 1200 1382 1259; x_wconf 85' lang='lat' dir='ltr'>Primum</span> 
     </span>
     <span class='ocr_line' id='line_1_11' title="bbox 290 1283 1380 1360; baseline -0.004 -17"><span class='ocrx_word' id='word_1_88' title='bbox 290 1287 424 1343; x_wconf 78' lang='lat' dir='ltr'>autemid</span> <span class='ocrx_word' id='word_1_89' title='bbox 438 1288 598 1360; x_wconf 78' lang='lat' dir='ltr'>tedoceho‚</span> <span class='ocrx_word' id='word_1_90' title='bbox 614 1286 689 1343; x_wconf 91' lang='lat' dir='ltr'>huuc</span> <span class='ocrx_word' id='word_1_91' title='bbox 703 1292 732 1345; x_wconf 91' lang='lat' dir='ltr'>te</span> <span class='ocrx_word' id='word_1_92' title='bbox 755 1304 814 1344; x_wconf 90' lang='lat' dir='ltr'>uon</span> <span class='ocrx_word' id='word_1_93' title='bbox 836 1303 943 1356; x_wconf 84' lang='lat' dir='ltr'>amore,</span> <span class='ocrx_word' id='word_1_94' title='bbox 957 1300 1010 1341; x_wconf 90' lang='lat' dir='ltr'>nee</span> <span class='ocrx_word' id='word_1_95' title='bbox 1033 1285 1086 1341; x_wconf 89' lang='lat' dir='ltr'>tihi</span> <span class='ocrx_word' id='word_1_96' title='bbox 1107 1302 1169 1341; x_wconf 83' lang='lat' dir='ltr'>sese</span> <span class='ocrx_word' id='word_1_97' title='bbox 1191 1283 1380 1357; x_wconf 75' lang='lat' dir='ltr'>benevolum,</span> 
     </span>
     <span class='ocr_line' id='line_1_12' title="bbox 290 1362 1382 1441; baseline -0.003 -19"><span class='ocrx_word' id='word_1_98' title='bbox 290 1364 346 1423; x_wconf 88' lang='lat' dir='ltr'>nisi</span> <span class='ocrx_word' id='word_1_99' title='bbox 359 1374 479 1441; x_wconf 74' lang='lat' dir='ltr'>propter</span> <span class='ocrx_word' id='word_1_100' title='bbox 492 1367 636 1441; x_wconf 87' lang='lat' dir='ltr'>idipsum,</span> <span class='ocrx_word' id='word_1_101' title='bbox 651 1367 728 1440; x_wconf 88' lang='lat' dir='ltr'>quod</span> <span class='ocrx_word' id='word_1_102' title='bbox 742 1384 833 1438; x_wconf 89' lang='lat' dir='ltr'>pruua</span> <span class='ocrx_word' id='word_1_103' title='bbox 853 1374 902 1423; x_wconf 88' lang='lat' dir='ltr'>tua</span> <span class='ocrx_word' id='word_1_104' title='bbox 924 1366 1092 1439; x_wconf 80' lang='lat' dir='ltr'>perfruitur.</span> <span class='ocrx_word' id='word_1_105' title='bbox 1133 1362 1250 1421; x_wconf 85' lang='lat' dir='ltr'>Etenim</span> <span class='ocrx_word' id='word_1_106' title='bbox 1275 1371 1318 1437; x_wconf 89' lang='lat' dir='ltr'>te,</span> <span class='ocrx_word' id='word_1_107' title='bbox 1332 1362 1382 1436; x_wconf 88' lang='lat' dir='ltr'>qui</span> 
     </span>
     <span class='ocr_line' id='line_1_13' title="bbox 292 1444 1382 1522; baseline -0.002 -19"><span class='ocrx_word' id='word_1_108' title='bbox 292 1464 356 1504; x_wconf 88' lang='lat' dir='ltr'>cnm</span> <span class='ocrx_word' id='word_1_109' title='bbox 372 1444 463 1505; x_wconf 88' lang='lat' dir='ltr'>Persis</span> <span class='ocrx_word' id='word_1_110' title='bbox 476 1448 512 1505; x_wconf 90' lang='lat' dir='ltr'>de</span> <span class='ocrx_word' id='word_1_111' title='bbox 524 1448 577 1505; x_wconf 88' lang='lat' dir='ltr'>hao</span> <span class='ocrx_word' id='word_1_112' title='bbox 591 1448 705 1522; x_wconf 75' lang='lat' dir='ltr'>regione</span> <span class='ocrx_word' id='word_1_113' title='bbox 716 1446 885 1521; x_wconf 70' lang='lat' dir='ltr'>digladiatus</span> <span class='ocrx_word' id='word_1_114' title='bbox 898 1464 926 1505; x_wconf 88' lang='lat' dir='ltr'>es</span> <span class='ocrx_word' id='word_1_115' title='bbox 939 1444 1123 1517; x_wconf 72' lang='lat' dir='ltr'>Marathone,</span> <span class='ocrx_word' id='word_1_116' title='bbox 1139 1451 1170 1502; x_wconf 90' lang='lat' dir='ltr'>et</span> <span class='ocrx_word' id='word_1_117' title='bbox 1190 1444 1275 1501; x_wconf 82' lang='lat' dir='ltr'>ricto</span> <span class='ocrx_word' id='word_1_118' title='bbox 1296 1445 1382 1501; x_wconf 86' lang='lat' dir='ltr'>hoste</span> 
     </span>
     <span class='ocr_line' id='line_1_14' title="bbox 291 1524 1380 1602; baseline -0.004 -17"><span class='ocrx_word' id='word_1_119' title='bbox 291 1528 422 1600; x_wconf 86' lang='lat' dir='ltr'>effecisti,</span> <span class='ocrx_word' id='word_1_120' title='bbox 435 1534 468 1589; x_wconf 88' lang='grc' dir='ltr'>ιι</span> <span class='ocrx_word' id='word_1_121' title='bbox 481 1530 619 1601; x_wconf 80' lang='lat' dir='ltr'>posumus</span> <span class='ocrx_word' id='word_1_122' title='bbox 633 1532 745 1587; x_wconf 84' lang='lat' dir='ltr'>nostras</span> <span class='ocrx_word' id='word_1_123' title='bbox 756 1546 800 1585; x_wconf 85' lang='lat' dir='ltr'>res</span> <span class='ocrx_word' id='word_1_124' title='bbox 822 1534 913 1602; x_wconf 83' lang='lat' dir='ltr'>gestas</span> <span class='ocrx_word' id='word_1_125' title='bbox 934 1524 1081 1601; x_wconf 83' lang='lat' dir='ltr'>magnifice</span> <span class='ocrx_word' id='word_1_126' title='bbox 1102 1543 1229 1598; x_wconf 81' lang='lat' dir='ltr'>crepare,</span> <span class='ocrx_word' id='word_1_127' title='bbox 1247 1543 1311 1581; x_wconf 90' lang='lat' dir='ltr'>non</span> <span class='ocrx_word' id='word_1_128' title='bbox 1337 1544 1380 1582; x_wconf 87' lang='lat' dir='ltr'>re·</span> 
     </span>
     <span class='ocr_line' id='line_1_15' title="bbox 290 1606 1380 1687; baseline -0.004 -22"><span class='ocrx_word' id='word_1_129' title='bbox 290 1608 386 1681; x_wconf 78' lang='lat' dir='ltr'>spicit,</span> <span class='ocrx_word' id='word_1_130' title='bbox 403 1616 459 1665; x_wconf 84' lang='lat' dir='ltr'>tam</span> <span class='ocrx_word' id='word_1_131' title='bbox 476 1610 584 1666; x_wconf 87' lang='lat' dir='ltr'>duriter</span> <span class='ocrx_word' id='word_1_132' title='bbox 598 1609 739 1665; x_wconf 81' lang='lat' dir='ltr'>sedentem</span> <span class='ocrx_word' id='word_1_133' title='bbox 753 1626 837 1682; x_wconf 89' lang='lat' dir='ltr'>super</span> <span class='ocrx_word' id='word_1_134' title='bbox 852 1607 894 1665; x_wconf 89' lang='lat' dir='ltr'>his</span> <span class='ocrx_word' id='word_1_135' title='bbox 917 1608 1067 1679; x_wconf 86' lang='lat' dir='ltr'>lapidibus,</span> <span class='ocrx_word' id='word_1_136' title='bbox 1080 1609 1155 1663; x_wconf 87' lang='lat' dir='ltr'>sicut</span> <span class='ocrx_word' id='word_1_137' title='bbox 1167 1625 1233 1687; x_wconf 79' lang='lat' dir='ltr'>ego,</span> <span class='ocrx_word' id='word_1_138' title='bbox 1248 1607 1300 1679; x_wconf 90' lang='lat' dir='ltr'>qni</span> <span class='ocrx_word' id='word_1_139' title='bbox 1323 1606 1380 1663; x_wconf 92' lang='lat' dir='ltr'>hoc</span> 
     </span>
     <span class='ocr_line' id='line_1_16' title="bbox 290 1687 1379 1764; baseline -0.002 -19"><span class='ocrx_word' id='word_1_140' title='bbox 290 1689 427 1763; x_wconf 72' lang='lat' dir='ltr'>pulvinar</span> <span class='ocrx_word' id='word_1_141' title='bbox 439 1690 539 1746; x_wconf 90' lang='lat' dir='ltr'>consui</span> <span class='ocrx_word' id='word_1_142' title='bbox 551 1695 580 1745; x_wconf 89' lang='lat' dir='ltr'>et</span> <span class='ocrx_word' id='word_1_143' title='bbox 594 1690 645 1745; x_wconf 88' lang='lat' dir='ltr'>tibi</span> <span class='ocrx_word' id='word_1_144' title='bbox 657 1689 730 1748; x_wconf 81' lang='lat' dir='ltr'>iero.</span> <span class='ocrx_word' id='word_1_145' title='bbox 752 1690 817 1764; x_wconf 76' lang='lat' dir='ltr'>Age</span> <span class='ocrx_word' id='word_1_146' title='bbox 829 1706 899 1747; x_wconf 79' lang='lat' dir='ltr'>vero</span> <span class='ocrx_word' id='word_1_147' title='bbox 918 1706 1013 1762; x_wconf 80' lang='lat' dir='ltr'>surgo,</span> <span class='ocrx_word' id='word_1_148' title='bbox 1026 1687 1127 1745; x_wconf 84' lang='lat' dir='ltr'>deindo</span> <span class='ocrx_word' id='word_1_149' title='bbox 1149 1688 1215 1745; x_wconf 88' lang='lat' dir='ltr'>sede</span> <span class='ocrx_word' id='word_1_150' title='bbox 1237 1688 1379 1761; x_wconf 87' lang='lat' dir='ltr'>molliter,</span> 
     </span>
     <span class='ocr_line' id='line_1_17' title="bbox 293 1767 1317 1842; baseline -0.002 -17"><span class='ocrx_word' id='word_1_151' title='bbox 293 1785 332 1825; x_wconf 86' lang='lat' dir='ltr'>no</span> <span class='ocrx_word' id='word_1_152' title='bbox 342 1775 448 1825; x_wconf 85' lang='lat' dir='ltr'>atteras</span> <span class='ocrx_word' id='word_1_153' title='bbox 462 1771 590 1841; x_wconf 87' lang='lat' dir='ltr'>podicem</span> <span class='ocrx_word' id='word_1_154' title='bbox 603 1770 694 1841; x_wconf 90' lang='lat' dir='ltr'>illum,</span> <span class='ocrx_word' id='word_1_155' title='bbox 713 1770 762 1842; x_wconf 91' lang='lat' dir='ltr'>qui</span> <span class='ocrx_word' id='word_1_156' title='bbox 775 1773 804 1825; x_wconf 94' lang='lat' dir='ltr'>in</span> <span class='ocrx_word' id='word_1_157' title='bbox 819 1770 917 1842; x_wconf 77' lang='lat' dir='ltr'>prelio</span> <span class='ocrx_word' id='word_1_158' title='bbox 930 1771 966 1827; x_wconf 84' lang='lat' dir='ltr'>ad</span> <span class='ocrx_word' id='word_1_159' title='bbox 979 1767 1147 1829; x_wconf 82' lang='lat' dir='ltr'>Salaminem</span> <span class='ocrx_word' id='word_1_160' title='bbox 1159 1768 1317 1825; x_wconf 81' lang='lat' dir='ltr'>laborarit.</span> 
     </span>
    </p>

    <p class='ocr_par' dir='ltr' id='par_1_5' title="bbox 324 1844 1377 1923">
     <span class='ocr_line' id='line_1_18' title="bbox 324 1844 1377 1923; baseline -0.003 -18"><span class='ocrx_word' id='word_1_161' title='bbox 324 1846 438 1909; x_wconf 75' lang='lat' dir='ltr'>DEM-</span> <span class='ocrx_word' id='word_1_162' title='bbox 459 1846 506 1907; x_wconf 86' lang='lat' dir='ltr'>Mi</span> <span class='ocrx_word' id='word_1_163' title='bbox 517 1850 614 1922; x_wconf 89' lang='lat' dir='ltr'>homo,</span> <span class='ocrx_word' id='word_1_164' title='bbox 627 1850 689 1923; x_wconf 90' lang='lat' dir='ltr'>quis</span> <span class='ocrx_word' id='word_1_165' title='bbox 701 1848 753 1909; x_wconf 80' lang='lat' dir='ltr'>es?</span> <span class='ocrx_word' id='word_1_166' title='bbox 775 1865 841 1909; x_wconf 85' lang='lat' dir='ltr'>num</span> <span class='ocrx_word' id='word_1_167' title='bbox 864 1849 966 1923; x_wconf 84' lang='lat' dir='ltr'>aliquia</span> <span class='ocrx_word' id='word_1_168' title='bbox 987 1850 1024 1912; x_wconf 90' lang='lat' dir='ltr'>de</span> <span class='ocrx_word' id='word_1_169' title='bbox 1048 1849 1182 1923; x_wconf 84' lang='lat' dir='ltr'>prosapia</span> <span class='ocrx_word' id='word_1_170' title='bbox 1203 1844 1377 1909; x_wconf 79' lang='lat' dir='ltr'>Harmodi?</span> 
     </span>
    </p>

    <p class='ocr_par' dir='ltr' id='par_1_6' title="bbox 260 1928 1240 2011">
     <span class='ocr_line' id='line_1_19' title="bbox 260 1928 1240 2011; baseline -0.004 -18"><span class='ocrx_word' id='word_1_171' title='bbox 260 2002 265 2011; x_wconf 19' lang='lat' dir='ltr'>g</span> <span class='ocrx_word' id='word_1_172' title='bbox 294 1928 371 1993; x_wconf 81' lang='lat' dir='ltr'>Nam</span> <span class='ocrx_word' id='word_1_173' title='bbox 386 1948 484 1989; x_wconf 82' lang='lat' dir='ltr'>revera</span> <span class='ocrx_word' id='word_1_174' title='bbox 498 1930 663 2003; x_wconf 71' lang='lat' dir='ltr'>preclarum</span> <span class='ocrx_word' id='word_1_175' title='bbox 678 1941 721 1991; x_wconf 88' lang='lat' dir='ltr'>est</span> <span class='ocrx_word' id='word_1_176' title='bbox 734 1931 788 1988; x_wconf 91' lang='lat' dir='ltr'>hoo</span> <span class='ocrx_word' id='word_1_177' title='bbox 801 1931 910 1989; x_wconf 79' lang='lat' dir='ltr'>lacinus</span> <span class='ocrx_word' id='word_1_178' title='bbox 924 1938 954 1989; x_wconf 86' lang='lat' dir='ltr'>et</span> <span class='ocrx_word' id='word_1_179' title='bbox 966 1930 1075 2004; x_wconf 87' lang='lat' dir='ltr'>oppido</span> <span class='ocrx_word' id='word_1_180' title='bbox 1088 1930 1240 2004; x_wconf 86' lang='lat' dir='ltr'>populare.</span> 
     </span>
    </p>

    <p class='ocr_par' dir='ltr' id='par_1_7' title="bbox 335 2006 1296 2083">
     <span class='ocr_line' id='line_1_20' title="bbox 335 2006 1296 2083; baseline 0 -14"><span class='ocrx_word' id='word_1_181' title='bbox 335 2006 456 2069; x_wconf 79' lang='lat' dir='ltr'><strong>CLEO.</strong></span> <span class='ocrx_word' id='word_1_182' title='bbox 476 2008 570 2079; x_wconf 84' lang='lat' dir='ltr'>Quom</span> <span class='ocrx_word' id='word_1_183' title='bbox 584 2012 678 2083; x_wconf 74' lang='lat' dir='ltr'>passis</span> <span class='ocrx_word' id='word_1_184' title='bbox 691 2030 709 2071; x_wconf 88' lang='lat' dir='ltr'>a</span> <span class='ocrx_word' id='word_1_185' title='bbox 722 2012 918 2072; x_wconf 83' lang='lat' dir='ltr'>blandimentis</span> <span class='ocrx_word' id='word_1_186' title='bbox 930 2013 956 2068; x_wconf 93' lang='lat' dir='ltr'>ei</span> <span class='ocrx_word' id='word_1_187' title='bbox 970 2009 1122 2069; x_wconf 73' lang='lat' dir='ltr'>benevolus</span> <span class='ocrx_word' id='word_1_188' title='bbox 1137 2010 1229 2067; x_wconf 81' lang='lat' dir='ltr'>iaetus</span> <span class='ocrx_word' id='word_1_189' title='bbox 1244 2007 1296 2069; x_wconf 83' lang='lat' dir='ltr'>es!</span> 
     </span>
    </p>

    <p class='ocr_par' dir='ltr' id='par_1_8' title="bbox 335 2087 1259 2164">
     <span class='ocr_line' id='line_1_21' title="bbox 335 2087 1259 2164; baseline -0.006 -13"><span class='ocrx_word' id='word_1_190' title='bbox 335 2087 382 2151; x_wconf 78' lang='lat' dir='ltr'>IS.</span> <span class='ocrx_word' id='word_1_191' title='bbox 404 2090 481 2153; x_wconf 84' lang='lat' dir='ltr'>Nam</span> <span class='ocrx_word' id='word_1_192' title='bbox 496 2100 528 2150; x_wconf 92' lang='lat' dir='ltr'>tu</span> <span class='ocrx_word' id='word_1_193' title='bbox 541 2110 655 2164; x_wconf 84' lang='lat' dir='ltr'>quoque</span> <span class='ocrx_word' id='word_1_194' title='bbox 668 2094 754 2151; x_wconf 87' lang='lat' dir='ltr'>rebus</span> <span class='ocrx_word' id='word_1_195' title='bbox 767 2094 859 2149; x_wconf 90' lang='lat' dir='ltr'>multo</span> <span class='ocrx_word' id='word_1_196' title='bbox 871 2093 1025 2149; x_wconf 82' lang='lat' dir='ltr'>levioribus</span> <span class='ocrx_word' id='word_1_197' title='bbox 1038 2110 1102 2149; x_wconf 87' lang='lat' dir='ltr'>enm</span> <span class='ocrx_word' id='word_1_198' title='bbox 1116 2090 1259 2152; x_wconf 87' lang='lat' dir='ltr'>inescasti.</span> 
     </span>
    </p>

    <p class='ocr_par' dir='ltr' id='par_1_9' title="bbox 294 2169 1420 2394">
     <span class='ocr_line' id='line_1_22' title="bbox 336 2169 1378 2246; baseline -0.004 -17"><span class='ocrx_word' id='word_1_199' title='bbox 336 2169 454 2230; x_wconf 71' lang='lat' dir='ltr'>cnud.</span> <span class='ocrx_word' id='word_1_200' title='bbox 477 2170 570 2232; x_wconf 85' lang='lat' dir='ltr'>Immo</span> <span class='ocrx_word' id='word_1_201' title='bbox 583 2174 606 2231; x_wconf 89' lang='lat' dir='ltr'>si</span> <span class='ocrx_word' id='word_1_202' title='bbox 619 2174 766 2246; x_wconf 87' lang='lat' dir='ltr'>quisquam</span> <span class='ocrx_word' id='word_1_203' title='bbox 780 2174 855 2231; x_wconf 82' lang='lat' dir='ltr'>visus</span> <span class='ocrx_word' id='word_1_204' title='bbox 869 2178 913 2229; x_wconf 87' lang='lat' dir='ltr'>est</span> <span class='ocrx_word' id='word_1_205' title='bbox 934 2190 1066 2243; x_wconf 87' lang='lat' dir='ltr'>unquam,</span> <span class='ocrx_word' id='word_1_206' title='bbox 1082 2173 1131 2246; x_wconf 89' lang='lat' dir='ltr'>qui</span> <span class='ocrx_word' id='word_1_207' title='bbox 1153 2170 1244 2245; x_wconf 84' lang='lat' dir='ltr'>magis</span> <span class='ocrx_word' id='word_1_208' title='bbox 1269 2173 1378 2243; x_wconf 78' lang='lat' dir='ltr'>pugnet</span> 
     </span>
     <span class='ocr_line' id='line_1_23' title="bbox 294 2252 1420 2327; baseline -0.003 -18"><span class='ocrx_word' id='word_1_209' title='bbox 294 2270 351 2327; x_wconf 90' lang='lat' dir='ltr'>pro</span> <span class='ocrx_word' id='word_1_210' title='bbox 364 2253 484 2327; x_wconf 92' lang='lat' dir='ltr'>populo,</span> <span class='ocrx_word' id='word_1_211' title='bbox 499 2260 549 2309; x_wconf 91' lang='lat' dir='ltr'>aut</span> <span class='ocrx_word' id='word_1_212' title='bbox 562 2254 612 2326; x_wconf 93' lang='lat' dir='ltr'>qni</span> <span class='ocrx_word' id='word_1_213' title='bbox 625 2262 653 2310; x_wconf 86' lang='lat' dir='ltr'>te</span> <span class='ocrx_word' id='word_1_214' title='bbox 665 2254 754 2327; x_wconf 82' lang='lat' dir='ltr'>magio</span> <span class='ocrx_word' id='word_1_215' title='bbox 766 2261 841 2313; x_wconf 86' lang='lat' dir='ltr'>amet</span> <span class='ocrx_word' id='word_1_216' title='bbox 851 2271 935 2325; x_wconf 87' lang='lat' dir='ltr'>quam</span> <span class='ocrx_word' id='word_1_217' title='bbox 948 2271 1013 2327; x_wconf 86' lang='lat' dir='ltr'>ego,</span> <span class='ocrx_word' id='word_1_218' title='bbox 1028 2253 1129 2326; x_wconf 85' lang='lat' dir='ltr'>eapitis</span> <span class='ocrx_word' id='word_1_219' title='bbox 1141 2260 1287 2310; x_wconf 84' lang='lat' dir='ltr'>certamen</span> <span class='ocrx_word' id='word_1_220' title='bbox 1308 2252 1377 2307; x_wconf 87' lang='lat' dir='ltr'>inire</span> <span class='ocrx_word' id='word_1_221' title='bbox 1418 2320 1420 2323; x_wconf 10' lang='grc' dir='ltr'><em>Α</em></span> 
     </span>
     <span class='ocr_line' id='line_1_24' title="bbox 294 2334 375 2394; baseline -0.086 0"><span class='ocrx_word' id='word_1_222' title='bbox 294 2334 375 2394; x_wconf 79' lang='lat' dir='ltr'>volo.</span> 
     </span>
    </p>

    <p class='ocr_par' dir='ltr' id='par_1_10' title="bbox 292 2410 1420 2797">
     <span class='ocr_line' id='line_1_25' title="bbox 303 2410 1420 2487; baseline -0.002 -15.939"><span class='ocrx_word' id='word_1_223' title='bbox 303 2410 382 2471; x_wconf 85' lang='lat' dir='ltr'>..lS</span> <span class='ocrx_word' id='word_1_224' title='bbox 403 2411 602 2484; x_wconf 82' lang='lat' dir='ltr'>thuomodo</span> <span class='ocrx_word' id='word_1_225' title='bbox 615 2416 646 2471; x_wconf 88' lang='lat' dir='ltr'>tu</span> <span class='ocrx_word' id='word_1_226' title='bbox 660 2412 738 2470; x_wconf 80' lang='lat' dir='ltr'>ullum</span> <span class='ocrx_word' id='word_1_227' title='bbox 754 2430 840 2486; x_wconf 82' lang='lat' dir='ltr'>ames,</span> <span class='ocrx_word' id='word_1_228' title='bbox 855 2429 1037 2505; x_wconf 77' lang='lat' dir='ltr'>quemquum</span> <span class='ocrx_word' id='word_1_229' title='bbox 1057 2412 1152 2471; x_wconf 81' lang='lat' dir='ltr'>rideas</span> <span class='ocrx_word' id='word_1_230' title='bbox 1173 2406 1374 2487; x_wconf 71' lang='lat' dir='ltr'>octavumjam</span> <span class='ocrx_word' id='word_1_231' title='bbox 1419 2414 1420 2461; x_wconf 74' lang='lat' dir='ltr'>l</span> 
     </span>
     <span class='ocr_line' id='line_1_26' title="bbox 296 2482 1374 2567; baseline -0.004 -14"><span class='ocrx_word' id='word_1_232' title='bbox 296 2510 399 2553; x_wconf 91' lang='lat' dir='ltr'>aunum</span> <span class='ocrx_word' id='word_1_233' title='bbox 412 2493 559 2548; x_wconf 83' lang='lat' dir='ltr'>hahitare&#39;</span> <span class='ocrx_word' id='word_1_234' title='bbox 552 2510 580 2547; x_wconf 92' lang='grc' dir='ltr'>ιιι</span> <span class='ocrx_word' id='word_1_235' title='bbox 594 2482 676 2549; x_wconf 80' lang='lat' dir='ltr'>dolius</span> <span class='ocrx_word' id='word_1_236' title='bbox 689 2499 719 2550; x_wconf 88' lang='lat' dir='ltr'>et</span> <span class='ocrx_word' id='word_1_237' title='bbox 732 2492 929 2564; x_wconf 82' lang='lat' dir='ltr'>terriculis,</span> <span class='ocrx_word' id='word_1_238' title='bbox 903 2512 963 2567; x_wconf 84' lang='lat' dir='ltr'>eJus</span> <span class='ocrx_word' id='word_1_239' title='bbox 975 2512 1034 2553; x_wconf 86' lang='lat' dir='ltr'>nou</span> <span class='ocrx_word' id='word_1_240' title='bbox 1048 2494 1185 2557; x_wconf 82' lang='lat' dir='ltr'>misereris</span> <span class='ocrx_word' id='word_1_241' title='bbox 1209 2492 1374 2563; x_wconf 70' lang='lat' dir='ltr'>tandemsed</span> 
     </span>
     <span class='ocr_line' id='line_1_27' title="bbox 293 2571 1372 2647; baseline -0.003 -16"><span class='ocrx_word' id='word_1_242' title='bbox 293 2574 436 2635; x_wconf 84' lang='lat' dir='ltr'>inclusum</span> <span class='ocrx_word' id='word_1_243' title='bbox 449 2572 527 2632; x_wconf 79' lang='lat' dir='ltr'>fumo</span> <span class='ocrx_word' id='word_1_244' title='bbox 540 2588 656 2645; x_wconf 85' lang='lat' dir='ltr'>enecas,</span> <span class='ocrx_word' id='word_1_245' title='bbox 653 2580 692 2633; x_wconf 89' lang='lat' dir='ltr'>et</span> <span class='ocrx_word' id='word_1_246' title='bbox 705 2573 842 2633; x_wconf 76' lang='lat' dir='ltr'>offerente</span> <span class='ocrx_word' id='word_1_247' title='bbox 855 2587 951 2647; x_wconf 83' lang='lat' dir='ltr'>paoem</span> <span class='ocrx_word' id='word_1_248' title='bbox 965 2571 1200 2647; x_wconf 73' lang='grc' dir='ltr'><strong>Αιιιιιριοιιιιι,</strong></span> <span class='ocrx_word' id='word_1_249' title='bbox 1213 2592 1277 2633; x_wconf 80' lang='lat' dir='ltr'>eam</span> <span class='ocrx_word' id='word_1_250' title='bbox 1297 2574 1372 2631; x_wconf 89' lang='lat' dir='ltr'>dissi·</span> 
     </span>
     <span class='ocr_line' id='line_1_28' title="bbox 295 2652 1373 2731; baseline -0.002 -20"><span class='ocrx_word' id='word_1_251' title='bbox 295 2654 383 2731; x_wconf 89' lang='lat' dir='ltr'>pasti,</span> <span class='ocrx_word' id='word_1_252' title='bbox 397 2656 560 2728; x_wconf 83' lang='lat' dir='ltr'>legatosque</span> <span class='ocrx_word' id='word_1_253' title='bbox 573 2653 661 2729; x_wconf 83' lang='lat' dir='ltr'>abigis</span> <span class='ocrx_word' id='word_1_254' title='bbox 670 2656 707 2712; x_wconf 92' lang='lat' dir='ltr'>ab</span> <span class='ocrx_word' id='word_1_255' title='bbox 721 2655 801 2728; x_wconf 87' lang='lat' dir='ltr'>urbe,</span> <span class='ocrx_word' id='word_1_256' title='bbox 817 2656 888 2729; x_wconf 90' lang='lat' dir='ltr'>pede</span> <span class='ocrx_word' id='word_1_257' title='bbox 902 2661 980 2712; x_wconf 84' lang='lat' dir='ltr'>uates</span> <span class='ocrx_word' id='word_1_258' title='bbox 992 2674 1088 2713; x_wconf 88' lang='lat' dir='ltr'>eorum</span> <span class='ocrx_word' id='word_1_259' title='bbox 1102 2658 1266 2728; x_wconf 74' lang='lat' dir='ltr'>verberans,</span> <span class='ocrx_word' id='word_1_260' title='bbox 1279 2671 1327 2727; x_wconf 90' lang='lat' dir='ltr'>qur</span> <span class='ocrx_word' id='word_1_261' title='bbox 1317 2652 1373 2709; x_wconf 83' lang='lat' dir='ltr'>ad</span> 
     </span>
     <span class='ocr_line' id='line_1_29' title="bbox 292 2733 567 2797; baseline -0.022 0"><span class='ocrx_word' id='word_1_262' title='bbox 292 2733 422 2797; x_wconf 74' lang='lat' dir='ltr'>monem</span> <span class='ocrx_word' id='word_1_263' title='bbox 433 2735 567 2794; x_wconf 77' lang='lat' dir='ltr'>onustant</span> 
     </span>
    </p>

    <p class='ocr_par' dir='ltr' id='par_1_11' title="bbox 262 2811 1374 3130">
     <span class='ocr_line' id='line_1_30' title="bbox 262 2811 1374 2889; baseline 0.001 -15"><span class='ocrx_word' id='word_1_264' title='bbox 262 2872 265 2880; x_wconf 73' lang='grc'><strong><em>,</em></strong></span> <span class='ocrx_word' id='word_1_265' title='bbox 338 2813 456 2877; x_wconf 85' lang='lat' dir='ltr'>CLEO.</span> <span class='ocrx_word' id='word_1_266' title='bbox 475 2814 586 2887; x_wconf 85' lang='lat' dir='ltr'>Nempe</span> <span class='ocrx_word' id='word_1_267' title='bbox 599 2821 632 2875; x_wconf 90' lang='grc' dir='ltr'>ιιι</span> <span class='ocrx_word' id='word_1_268' title='bbox 644 2811 756 2875; x_wconf 74' lang='lat' dir='ltr'>Graeelo</span> <span class='ocrx_word' id='word_1_269' title='bbox 768 2815 898 2875; x_wconf 84' lang='lat' dir='ltr'>omnibns</span> <span class='ocrx_word' id='word_1_270' title='bbox 911 2817 1040 2889; x_wconf 85' lang='lat' dir='ltr'>imperet.</span> <span class='ocrx_word' id='word_1_271' title='bbox 1076 2813 1266 2875; x_wconf 80' lang='lat' dir='ltr'>Exstotenim</span> <span class='ocrx_word' id='word_1_272' title='bbox 1278 2814 1307 2872; x_wconf 89' lang='lat' dir='ltr'>iu</span> <span class='ocrx_word' id='word_1_273' title='bbox 1327 2830 1374 2876; x_wconf 76' lang='grc' dir='ltr'>ιι·</span> 
     </span>
     <span class='ocr_line' id='line_1_31' title="bbox 296 2891 1372 2971; baseline -0.004 -17"><span class='ocrx_word' id='word_1_274' title='bbox 296 2896 399 2954; x_wconf 87' lang='lat' dir='ltr'>ticiniis</span> <span class='ocrx_word' id='word_1_275' title='bbox 413 2896 487 2968; x_wconf 84' lang='lat' dir='ltr'>lose,</span> <span class='ocrx_word' id='word_1_276' title='bbox 500 2902 533 2951; x_wconf 87' lang='lat' dir='ltr'>nt</span> <span class='ocrx_word' id='word_1_277' title='bbox 545 2896 614 2953; x_wconf 87' lang='lat' dir='ltr'>ille&#39;</span> <span class='ocrx_word' id='word_1_278' title='bbox 606 2914 635 2955; x_wconf 81' lang='lat' dir='ltr'>sn</span> <span class='ocrx_word' id='word_1_279' title='bbox 651 2895 774 2957; x_wconf 80' lang='lat' dir='ltr'>Arcadia</span> <span class='ocrx_word' id='word_1_280' title='bbox 786 2895 887 2967; x_wconf 81' lang='lat' dir='ltr'>quinos</span> <span class='ocrx_word' id='word_1_281' title='bbox 899 2898 1002 2956; x_wconf 88' lang='lat' dir='ltr'>obolos</span> <span class='ocrx_word' id='word_1_282' title='bbox 1025 2891 1080 2970; x_wconf 82' lang='lat' dir='ltr'>pro</span> <span class='ocrx_word' id='word_1_283' title='bbox 1097 2896 1225 2971; x_wconf 82' lang='lat' dir='ltr'>judiciali</span> <span class='ocrx_word' id='word_1_284' title='bbox 1248 2894 1372 2953; x_wconf 82' lang='lat' dir='ltr'>mercede</span> 
     </span>
     <span class='ocr_line' id='line_1_32' title="bbox 295 2974 1373 3051; baseline -0.004 -16"><span class='ocrx_word' id='word_1_285' title='bbox 295 2978 430 3051; x_wconf 81' lang='lat' dir='ltr'>accipiat,</span> <span class='ocrx_word' id='word_1_286' title='bbox 442 2975 466 3031; x_wconf 89' lang='lat' dir='ltr'>si</span> <span class='ocrx_word' id='word_1_287' title='bbox 470 2980 695 3049; x_wconf 73' lang='lat' dir='ltr'>exspectaverit.</span> <span class='ocrx_word' id='word_1_288' title='bbox 738 2974 847 3050; x_wconf 84' lang='lat' dir='ltr'>Utique</span> <span class='ocrx_word' id='word_1_289' title='bbox 859 2978 931 3036; x_wconf 82' lang='grc' dir='ltr'><strong>ιιιιι</strong></span> <span class='ocrx_word' id='word_1_290' title='bbox 943 2976 1084 3051; x_wconf 81' lang='lat' dir='ltr'>egnhuno</span> <span class='ocrx_word' id='word_1_291' title='bbox 1097 2984 1128 3033; x_wconf 86' lang='lat' dir='ltr'>et</span> <span class='ocrx_word' id='word_1_292' title='bbox 1138 2978 1266 3050; x_wconf 22' lang='lat' dir='ltr'>,curaho,</span> <span class='ocrx_word' id='word_1_293' title='bbox 1290 2982 1373 3047; x_wconf 90' lang='lat' dir='ltr'>atque</span> 
     </span>
     <span class='ocr_line' id='line_1_33' title="bbox 295 3054 1341 3130; baseline -0.001 -14"><span class='ocrx_word' id='word_1_294' title='bbox 295 3057 437 3117; x_wconf 78' lang='lat' dir='ltr'>inveniam</span> <span class='ocrx_word' id='word_1_295' title='bbox 451 3074 508 3128; x_wconf 88' lang='lat' dir='ltr'>qua</span> <span class='ocrx_word' id='word_1_296' title='bbox 519 3054 586 3130; x_wconf 87' lang='lat' dir='ltr'>juro</span> <span class='ocrx_word' id='word_1_297' title='bbox 600 3076 691 3129; x_wconf 85' lang='lat' dir='ltr'>quare</span> <span class='ocrx_word' id='word_1_298' title='bbox 703 3055 819 3130; x_wconf 88' lang='lat' dir='ltr'>injuria,</span> <span class='ocrx_word' id='word_1_299' title='bbox 833 3059 908 3113; x_wconf 89' lang='lat' dir='ltr'>unde</span> <span class='ocrx_word' id='word_1_300' title='bbox 920 3058 1075 3122; x_wconf 79' lang='lat' dir='ltr'>triobolum</span> <span class='ocrx_word' id='word_1_301' title='bbox 1091 3055 1204 3122; x_wconf 73' lang='lat' dir='ltr'>haheat</span> <span class='ocrx_word' id='word_1_302' title='bbox 1337 3102 1341 3109; x_wconf 89' lang='lat'>.</span> 
     </span>
    </p>

    <p class='ocr_par' dir='ltr' id='par_1_12' title="bbox 292 3132 1417 3858">
     <span class='ocr_line' id='line_1_34' title="bbox 338 3132 1372 3212; baseline -0.002 -19"><span class='ocrx_word' id='word_1_303' title='bbox 338 3134 395 3194; x_wconf 89' lang='lat' dir='ltr'><strong>IS.&#39;</strong></span> <span class='ocrx_word' id='word_1_304' title='bbox 405 3132 474 3197; x_wconf 86' lang='lat' dir='ltr'>Non</span> <span class='ocrx_word' id='word_1_305' title='bbox 487 3138 551 3194; x_wconf 80' lang='lat' dir='ltr'>ide&#39;o</span> <span class='ocrx_word' id='word_1_306' title='bbox 564 3139 669 3210; x_wconf 80' lang='lat' dir='ltr'>hercle,</span> <span class='ocrx_word' id='word_1_307' title='bbox 684 3143 717 3196; x_wconf 91' lang='grc' dir='ltr'>ιι</span> <span class='ocrx_word' id='word_1_308' title='bbox 730 3136 778 3203; x_wconf 82' lang='lat' dir='ltr'>hic</span> <span class='ocrx_word' id='word_1_309' title='bbox 790 3138 911 3212; x_wconf 85' lang='lat' dir='ltr'>imperet</span> <span class='ocrx_word' id='word_1_310' title='bbox 924 3139 1069 3210; x_wconf 75' lang='lat' dir='ltr'>Arcadias,</span> <span class='ocrx_word' id='word_1_311' title='bbox 1082 3139 1195 3212; x_wconf 77' lang='lat' dir='ltr'>satagit,</span> <span class='ocrx_word' id='word_1_312' title='bbox 1210 3136 1259 3193; x_wconf 86' lang='lat' dir='ltr'>sed</span> <span class='ocrx_word' id='word_1_313' title='bbox 1272 3142 1304 3193; x_wconf 89' lang='lat' dir='ltr'>nt</span> <span class='ocrx_word' id='word_1_314' title='bbox 1317 3153 1372 3192; x_wconf 85' lang='lat' dir='ltr'>ma·</span> 
     </span>
     <span class='ocr_line' id='line_1_35' title="bbox 292 3216 1417 3312; baseline 0.001 -39"><span class='ocrx_word' id='word_1_315' title='bbox 292 3216 339 3293; x_wconf 80' lang='lat' dir='ltr'>gis</span> <span class='ocrx_word' id='word_1_316' title='bbox 352 3216 456 3288; x_wconf 86' lang='lat' dir='ltr'>rapias,</span> <span class='ocrx_word' id='word_1_317' title='bbox 470 3223 500 3275; x_wconf 87' lang='lat' dir='ltr'>et</span> <span class='ocrx_word' id='word_1_318' title='bbox 513 3216 597 3289; x_wconf 85' lang='lat' dir='ltr'>plura</span> <span class='ocrx_word' id='word_1_319' title='bbox 608 3220 685 3277; x_wconf 87' lang='lat' dir='ltr'>dona</span> <span class='ocrx_word' id='word_1_320' title='bbox 697 3226 792 3291; x_wconf 86' lang='lat' dir='ltr'>captes</span> <span class='ocrx_word' id='word_1_321' title='bbox 803 3220 842 3277; x_wconf 88' lang='lat' dir='ltr'>ah</span> <span class='ocrx_word' id='word_1_322' title='bbox 853 3220 994 3288; x_wconf 87' lang='lat' dir='ltr'>urbibus·</span> <span class='ocrx_word' id='word_1_323' title='bbox 1015 3219 1141 3312; x_wconf 81' lang='lat' dir='ltr'>populus</span> <span class='ocrx_word' id='word_1_324' title='bbox 1153 3222 1247 3276; x_wconf 86' lang='lat' dir='ltr'>autem</span> <span class='ocrx_word' id='word_1_325' title='bbox 1258 3225 1372 3290; x_wconf 87' lang='lat' dir='ltr'>propter</span> <span class='ocrx_word' id='word_1_326' title='bbox 1416 3247 1417 3274; x_wconf 55' lang='grc' dir='ltr'>ι</span> 
     </span>
     <span class='ocr_line' id='line_1_36' title="bbox 296 3287 1417 3373; baseline -0.002 -18"><span class='ocrx_word' id='word_1_327' title='bbox 296 3296 365 3355; x_wconf 86' lang='lat' dir='ltr'>belli</span> <span class='ocrx_word' id='word_1_328' title='bbox 380 3297 524 3369; x_wconf 82' lang='lat' dir='ltr'>caliginem</span> <span class='ocrx_word' id='word_1_329' title='bbox 539 3302 601 3357; x_wconf 85' lang='lat' dir='ltr'>tuas</span> <span class='ocrx_word' id='word_1_330' title='bbox 616 3300 718 3357; x_wconf 86' lang='lat' dir='ltr'>sutelas</span> <span class='ocrx_word' id='word_1_331' title='bbox 732 3317 791 3357; x_wconf 89' lang='lat' dir='ltr'>nou</span> <span class='ocrx_word' id='word_1_332' title='bbox 802 3300 906 3371; x_wconf 81' lang='lat' dir='ltr'>videet,</span> <span class='ocrx_word' id='word_1_333' title='bbox 920 3300 969 3357; x_wconf 90' lang='lat' dir='ltr'>sed</span> <span class='ocrx_word' id='word_1_334' title='bbox 981 3298 1149 3361; x_wconf 76' lang='lat' dir='ltr'>necestitate</span> <span class='ocrx_word' id='word_1_335' title='bbox 1160 3306 1190 3355; x_wconf 92' lang='lat' dir='ltr'>ct</span> <span class='ocrx_word' id='word_1_336' title='bbox 1205 3298 1309 3373; x_wconf 82' lang='lat' dir='ltr'>inopis,</span> <span class='ocrx_word' id='word_1_337' title='bbox 1322 3298 1370 3353; x_wconf 89' lang='lat' dir='ltr'>sti·</span> <span class='ocrx_word' id='word_1_338' title='bbox 1416 3287 1417 3348; x_wconf 58' lang='grc' dir='ltr'>ι</span> 
     </span>
     <span class='ocr_line' id='line_1_37' title="bbox 288 3376 1417 3474; baseline 0.002 -42.014"><span class='ocrx_word' id='word_1_339' title='bbox 288 3376 441 3474; x_wconf 71' lang='lat' dir='ltr'>pandique</span> <span class='ocrx_word' id='word_1_340' title='bbox 453 3377 608 3450; x_wconf 80' lang='lat' dir='ltr'>cupiditate</span> <span class='ocrx_word' id='word_1_341' title='bbox 620 3398 671 3437; x_wconf 90' lang='lat' dir='ltr'>oro</span> <span class='ocrx_word' id='word_1_342' title='bbox 683 3381 781 3439; x_wconf 78' lang='lat' dir='ltr'>hiante</span> <span class='ocrx_word' id='word_1_343' title='bbox 794 3386 822 3439; x_wconf 87' lang='lat' dir='ltr'>te</span> <span class='ocrx_word' id='word_1_344' title='bbox 834 3385 953 3454; x_wconf 85' lang='lat' dir='ltr'>spectet.</span> <span class='ocrx_word' id='word_1_345' title='bbox 995 3378 1120 3447; x_wconf 80' lang='lat' dir='ltr'>Quod</span> <span class='ocrx_word' id='word_1_346' title='bbox 1097 3398 1122 3437; x_wconf 88' lang='grc' dir='ltr'>ιι</span> <span class='ocrx_word' id='word_1_347' title='bbox 1142 3380 1322 3462; x_wconf 82' lang='lat' dir='ltr'>aliquando&#39;</span> <span class='ocrx_word' id='word_1_348' title='bbox 1315 3396 1371 3452; x_wconf 80' lang='lat' dir='ltr'>ipse</span> <span class='ocrx_word' id='word_1_349' title='bbox 1416 3377 1417 3388; x_wconf 57' lang='lat'>¹</span> 
     </span>
     <span class='ocr_line' id='line_1_38' title="bbox 292 3452 1370 3535; baseline 0 -18"><span class='ocrx_word' id='word_1_350' title='bbox 292 3458 332 3517; x_wconf 86' lang='grc' dir='ltr'>ιι</span> <span class='ocrx_word' id='word_1_351' title='bbox 348 3476 448 3533; x_wconf 88' lang='lat' dir='ltr'>agrum</span> <span class='ocrx_word' id='word_1_352' title='bbox 462 3476 588 3517; x_wconf 77' lang='lat' dir='ltr'>reserem</span> <span class='ocrx_word' id='word_1_353' title='bbox 603 3462 733 3519; x_wconf 78' lang='lat' dir='ltr'>uixerit</span> <span class='ocrx_word' id='word_1_354' title='bbox 725 3478 755 3518; x_wconf 91' lang='grc' dir='ltr'>ιι</span> <span class='ocrx_word' id='word_1_355' title='bbox 776 3478 857 3534; x_wconf 86' lang='lat' dir='ltr'>pace,</span> <span class='ocrx_word' id='word_1_356' title='bbox 871 3466 901 3519; x_wconf 91' lang='lat' dir='ltr'>et</span> <span class='ocrx_word' id='word_1_357' title='bbox 922 3479 971 3519; x_wconf 87' lang='lat' dir='ltr'>esu</span> <span class='ocrx_word' id='word_1_358' title='bbox 993 3479 1149 3535; x_wconf 79' lang='lat' dir='ltr'>gotnorum</span> <span class='ocrx_word' id='word_1_359' title='bbox 1173 3452 1293 3518; x_wconf 83' lang='lat' dir='ltr'>recentis</span> <span class='ocrx_word' id='word_1_360' title='bbox 1311 3458 1370 3517; x_wconf 84' lang='lat' dir='ltr'>iru-</span> 
     </span>
     <span class='ocr_line' id='line_1_39' title="bbox 296 3539 1370 3615; baseline -0.001 -18"><span class='ocrx_word' id='word_1_361' title='bbox 296 3540 386 3597; x_wconf 82' lang='lat' dir='ltr'>menti</span> <span class='ocrx_word' id='word_1_362' title='bbox 397 3558 428 3597; x_wconf 89' lang='lat' dir='ltr'>se</span> <span class='ocrx_word' id='word_1_363' title='bbox 440 3541 585 3614; x_wconf 76' lang='lat' dir='ltr'>remearit,</span> <span class='ocrx_word' id='word_1_364' title='bbox 599 3547 629 3601; x_wconf 89' lang='lat' dir='ltr'>et</span> <span class='ocrx_word' id='word_1_365' title='bbox 642 3543 730 3599; x_wconf 81' lang='lat' dir='ltr'>olives</span> <span class='ocrx_word' id='word_1_366' title='bbox 743 3544 915 3611; x_wconf 80' lang='lat' dir='ltr'>convenerit,</span> <span class='ocrx_word' id='word_1_367' title='bbox 928 3549 1080 3615; x_wconf 77' lang='lat' dir='ltr'>cognoscet</span> <span class='ocrx_word' id='word_1_368' title='bbox 1092 3541 1251 3615; x_wconf 85' lang='lat' dir='ltr'>eujusmodi</span> <span class='ocrx_word' id='word_1_369' title='bbox 1264 3539 1370 3597; x_wconf 86' lang='lat' dir='ltr'>bouaei</span> 
     </span>
     <span class='ocr_line' id='line_1_40' title="bbox 295 3620 1373 3697; baseline -0.002 -19"><span class='ocrx_word' id='word_1_370' title='bbox 295 3620 461 3695; x_wconf 73' lang='lat' dir='ltr'>praecideris</span> <span class='ocrx_word' id='word_1_371' title='bbox 475 3627 595 3696; x_wconf 86' lang='lat' dir='ltr'>propter</span> <span class='ocrx_word' id='word_1_372' title='bbox 606 3623 757 3697; x_wconf 81' lang='lat' dir='ltr'>stipendia·</span> <span class='ocrx_word' id='word_1_373' title='bbox 798 3620 907 3683; x_wconf 87' lang='lat' dir='ltr'>Deinde</span> <span class='ocrx_word' id='word_1_374' title='bbox 919 3623 971 3682; x_wconf 88' lang='lat' dir='ltr'>tihi</span> <span class='ocrx_word' id='word_1_375' title='bbox 985 3624 1087 3681; x_wconf 84' lang='lat' dir='ltr'>redibit</span> <span class='ocrx_word' id='word_1_376' title='bbox 1098 3622 1321 3682; x_wconf 82' lang='lat' dir='ltr'>exacerbatnset</span> <span class='ocrx_word' id='word_1_377' title='bbox 1330 3620 1373 3677; x_wconf 85' lang='lat' dir='ltr'>le·</span> 
     </span>
     <span class='ocr_line' id='line_1_41' title="bbox 295 3698 1369 3778; baseline 0 -20"><span class='ocrx_word' id='word_1_378' title='bbox 295 3718 358 3774; x_wconf 77' lang='lat' dir='ltr'>rus,</span> <span class='ocrx_word' id='word_1_379' title='bbox 370 3702 512 3760; x_wconf 86' lang='lat' dir='ltr'>caleulum</span> <span class='ocrx_word' id='word_1_380' title='bbox 526 3708 630 3761; x_wconf 84' lang='lat' dir='ltr'>contra</span> <span class='ocrx_word' id='word_1_381' title='bbox 639 3710 672 3761; x_wconf 90' lang='lat' dir='ltr'>te</span> <span class='ocrx_word' id='word_1_382' title='bbox 685 3719 826 3775; x_wconf 65' lang='lat' dir='ltr'>quierem.</span> <span class='ocrx_word' id='word_1_383' title='bbox 868 3702 1040 3778; x_wconf 71' lang='lat' dir='ltr'>Quarqueni</span> <span class='ocrx_word' id='word_1_384' title='bbox 1061 3709 1092 3761; x_wconf 91' lang='lat' dir='ltr'>tn</span> <span class='ocrx_word' id='word_1_385' title='bbox 1114 3704 1197 3774; x_wconf 84' lang='grc' dir='ltr'><strong>ιιιιιι,</strong></span> <span class='ocrx_word' id='word_1_386' title='bbox 1212 3703 1287 3759; x_wconf 88' lang='lat' dir='ltr'>huuc</span> <span class='ocrx_word' id='word_1_387' title='bbox 1298 3698 1369 3759; x_wconf 84' lang='lat' dir='ltr'>deci-</span> 
     </span>
     <span class='ocr_line' id='line_1_42' title="bbox 296 3745 1417 3858; baseline 0.004 -19"><span class='ocrx_word' id='word_1_388' title='bbox 296 3781 353 3858; x_wconf 86' lang='lat' dir='ltr'>pis,</span> <span class='ocrx_word' id='word_1_389' title='bbox 367 3790 397 3839; x_wconf 87' lang='lat' dir='ltr'>et</span> <span class='ocrx_word' id='word_1_390' title='bbox 410 3783 519 3839; x_wconf 86' lang='lat' dir='ltr'>somnia</span> <span class='ocrx_word' id='word_1_391' title='bbox 533 3788 584 3841; x_wconf 88' lang='lat' dir='ltr'>tua</span> <span class='ocrx_word' id='word_1_392' title='bbox 593 3782 695 3857; x_wconf 86' lang='lat' dir='ltr'>jactas.</span> <span class='ocrx_word' id='word_1_393' title='bbox 754 3818 758 3842; x_wconf 86' lang='lat' dir='ltr'>t</span> <span class='ocrx_word' id='word_1_394' title='bbox 1415 3745 1417 3842; x_wconf 47' lang='grc' dir='ltr'>ι</span> 
     </span>
    </p>
   </div>
   <div class='ocr_carea' id='block_1_3' title="bbox 237 3860 1415 4349">
    <p class='ocr_par' dir='ltr' id='par_1_13' title="bbox 237 3860 1369 4101">
     <span class='ocr_line' id='line_1_43' title="bbox 237 3860 1369 3939; baseline -0.004 -19"><span class='ocrx_word' id='word_1_395' title='bbox 237 3876 241 3881; x_wconf 85' lang='grc'><strong>’</strong></span> <span class='ocrx_word' id='word_1_396' title='bbox 336 3860 454 3921; x_wconf 80' lang='lat' dir='ltr'><strong>CLEO.</strong></span> <span class='ocrx_word' id='word_1_397' title='bbox 475 3863 583 3920; x_wconf 82' lang='lat' dir='ltr'>Annon</span> <span class='ocrx_word' id='word_1_398' title='bbox 595 3880 665 3921; x_wconf 78' lang='lat' dir='ltr'>sero</span> <span class='ocrx_word' id='word_1_399' title='bbox 677 3862 878 3939; x_wconf 64' lang='lat' dir='ltr'>indignumne</span> <span class='ocrx_word' id='word_1_400' title='bbox 890 3870 919 3923; x_wconf 90' lang='lat' dir='ltr'>to</span> <span class='ocrx_word' id='word_1_401' title='bbox 931 3862 1035 3924; x_wconf 71' lang='lat' dir='ltr'>hoecin</span> <span class='ocrx_word' id='word_1_402' title='bbox 1050 3864 1213 3938; x_wconf 73' lang='lat' dir='ltr'>medionec,</span> <span class='ocrx_word' id='word_1_403' title='bbox 1227 3862 1369 3921; x_wconf 85' lang='lat' dir='ltr'>etealnm</span> 
     </span>
     <span class='ocr_line' id='line_1_44' title="bbox 295 3940 1369 4020; baseline 0 -20"><span class='ocrx_word' id='word_1_404' title='bbox 295 3942 369 4001; x_wconf 88' lang='grc' dir='ltr'><strong>ιιιιιιι</strong></span> <span class='ocrx_word' id='word_1_405' title='bbox 383 3945 459 4018; x_wconf 86' lang='lat' dir='ltr'>apud</span> <span class='ocrx_word' id='word_1_406' title='bbox 474 3944 656 4003; x_wconf 80' lang='lat' dir='ltr'>Athenienses</span> <span class='ocrx_word' id='word_1_407' title='bbox 670 3951 700 4002; x_wconf 90' lang='lat' dir='ltr'>et</span> <span class='ocrx_word' id='word_1_408' title='bbox 711 3948 864 4018; x_wconf 89' lang='lat' dir='ltr'>populum,</span> <span class='ocrx_word' id='word_1_409' title='bbox 877 3964 927 4019; x_wconf 85' lang='lat' dir='ltr'>qur</span> <span class='ocrx_word' id='word_1_410' title='bbox 918 3944 1129 4019; x_wconf 79' lang='lat' dir='ltr'>&#39;preclarius</span> <span class='ocrx_word' id='word_1_411' title='bbox 1116 3964 1177 4020; x_wconf 83' lang='lat' dir='ltr'>Jaru</span> <span class='ocrx_word' id='word_1_412' title='bbox 1190 3945 1281 4002; x_wconf 80' lang='lat' dir='ltr'>multo</span> <span class='ocrx_word' id='word_1_413' title='bbox 1292 3940 1369 4001; x_wconf 87' lang='lat' dir='ltr'>meri·</span> 
     </span>
     <span class='ocr_line' id='line_1_45' title="bbox 295 4022 1278 4101; baseline 0.003 -22"><span class='ocrx_word' id='word_1_414' title='bbox 295 4026 344 4080; x_wconf 85' lang='grc' dir='ltr'>ιιι</span> <span class='ocrx_word' id='word_1_415' title='bbox 356 4042 416 4081; x_wconf 91' lang='lat' dir='ltr'>sum</span> <span class='ocrx_word' id='word_1_416' title='bbox 430 4025 465 4081; x_wconf 89' lang='lat' dir='ltr'>de</span> <span class='ocrx_word' id='word_1_417' title='bbox 479 4025 637 4100; x_wconf 85' lang='lat' dir='ltr'>republica,</span> <span class='ocrx_word' id='word_1_418' title='bbox 651 4044 737 4100; x_wconf 82' lang='lat' dir='ltr'>quam</span> <span class='ocrx_word' id='word_1_419' title='bbox 748 4024 963 4101; x_wconf 84' lang='lat' dir='ltr'>Themistocles,</span> <span class='ocrx_word' id='word_1_420' title='bbox 975 4029 1016 4085; x_wconf 84' lang='lat' dir='ltr'>ita</span> <span class='ocrx_word' id='word_1_421' title='bbox 1027 4024 1171 4085; x_wconf 79' lang='lat' dir='ltr'>meceres</span> <span class='ocrx_word' id='word_1_422' title='bbox 1184 4022 1278 4085; x_wconf 74' lang='lat' dir='ltr'>amet?</span> 
     </span>
    </p>

    <p class='ocr_par' dir='ltr' id='par_1_14' title="bbox 294 4099 1415 4349">
     <span class='ocr_line' id='line_1_46' title="bbox 337 4099 1415 4183; baseline 0.002 -24"><span class='ocrx_word' id='word_1_423' title='bbox 337 4099 383 4160; x_wconf 84' lang='lat' dir='ltr'>IS.</span> <span class='ocrx_word' id='word_1_424' title='bbox 403 4104 524 4163; x_wconf 83' lang='lat' dir='ltr'>Ooioes</span> <span class='ocrx_word' id='word_1_425' title='bbox 538 4105 660 4182; x_wconf 79' lang='lat' dir='ltr'>Argivi,</span> <span class='ocrx_word' id='word_1_426' title='bbox 675 4107 775 4165; x_wconf 81' lang='lat' dir='ltr'>cudite</span> <span class='ocrx_word' id='word_1_427' title='bbox 796 4108 897 4183; x_wconf 75' lang='lat' dir='ltr'>quatio</span> <span class='ocrx_word' id='word_1_428' title='bbox 916 4108 1006 4169; x_wconf 79' lang='lat' dir='ltr'>dicut</span> <span class='ocrx_word' id='word_1_429' title='bbox 1048 4104 1134 4167; x_wconf 84' lang='lat' dir='ltr'>Tune</span> <span class='ocrx_word' id='word_1_430' title='bbox 1145 4102 1326 4167; x_wconf 77' lang='lat' dir='ltr'>Themistocli</span> <span class='ocrx_word' id='word_1_431' title='bbox 1341 4106 1367 4165; x_wconf 85' lang='lat' dir='ltr'>ts</span> <span class='ocrx_word' id='word_1_432' title='bbox 1414 4127 1415 4130; x_wconf 41' lang='lat'>¹</span> 
     </span>
     <span class='ocr_line' id='line_1_47' title="bbox 285 4186 1415 4280; baseline 0.001 -38.009"><span class='ocrx_word' id='word_1_433' title='bbox 285 4186 477 4260; x_wconf 76' lang='lat' dir='ltr'>ssqnipamt</span> <span class='ocrx_word' id='word_1_434' title='bbox 497 4188 548 4260; x_wconf 82' lang='lat' dir='ltr'>qni</span> <span class='ocrx_word' id='word_1_435' title='bbox 559 4204 649 4260; x_wconf 77' lang='lat' dir='ltr'>quum</span> <span class='ocrx_word' id='word_1_436' title='bbox 668 4188 778 4261; x_wconf 83' lang='lat' dir='ltr'>plenam</span> <span class='ocrx_word' id='word_1_437' title='bbox 792 4190 828 4248; x_wconf 91' lang='lat' dir='ltr'>ad</span> <span class='ocrx_word' id='word_1_438' title='bbox 842 4190 923 4249; x_wconf 83' lang='lat' dir='ltr'>lubre</span> <span class='ocrx_word' id='word_1_439' title='bbox 936 4205 1026 4261; x_wconf 87' lang='lat' dir='ltr'>usque</span> <span class='ocrx_word' id='word_1_440' title='bbox 1038 4189 1167 4250; x_wconf 84' lang='lat' dir='ltr'>nostram</span> <span class='ocrx_word' id='word_1_441' title='bbox 1181 4190 1279 4247; x_wconf 80' lang='grc' dir='ltr'><strong>ιιιιιι</strong></span> <span class='ocrx_word' id='word_1_442' title='bbox 1291 4191 1415 4280; x_wconf 84' lang='lat' dir='ltr'>repe-¹</span> 
     </span>
     <span class='ocr_line' id='line_1_48' title="bbox 294 4266 1415 4349; baseline 0.007 -20"><span class='ocrx_word' id='word_1_443' title='bbox 294 4266 462 4344; x_wconf 69' lang='lat' dir='ltr'>rhoetum</span> <span class='ocrx_word' id='word_1_444' title='bbox 474 4268 679 4333; x_wconf 81' lang='lat' dir='ltr'>redundantem</span> <span class='ocrx_word' id='word_1_445' title='bbox 700 4269 788 4332; x_wconf 81' lang='lat' dir='ltr'>loeits</span> <span class='ocrx_word' id='word_1_446' title='bbox 810 4276 949 4346; x_wconf 70' lang='lat' dir='ltr'>platoma</span> <span class='ocrx_word' id='word_1_447' title='bbox 965 4269 1156 4349; x_wconf 69' lang='lat' dir='ltr'>prandenti</span> <span class='ocrx_word' id='word_1_448' title='bbox 1130 4288 1159 4337; x_wconf 81' lang='lat' dir='ltr'>es</span> <span class='ocrx_word' id='word_1_449' title='bbox 1178 4266 1332 4336; x_wconf 70' lang='lat' dir='ltr'>maeno</span> <span class='ocrx_word' id='word_1_450' title='bbox 1324 4284 1364 4325; x_wconf 83' lang='lat'><strong>1¹1·</strong></span> <span class='ocrx_word' id='word_1_451' title='bbox 1414 4277 1415 4306; x_wconf 94' lang='lat'>¹</span> 
     </span>
    </p>
   </div>
   <div class='ocr_carea' id='block_1_4' title="bbox 0 0 1442 4984">
    <p class='ocr_par' dir='ltr' id='par_1_15' title="bbox 0 0 1442 4984">
     <span class='ocr_line' id='line_1_49' title="bbox 0 0 1442 4984; baseline 0 0"><span class='ocrx_word' id='word_1_452' title='bbox 0 0 1442 4984; x_wconf 95' lang='lat' dir='ltr'> </span> 
     </span>
    </p>
   </div>
  </div>
 </body>
</html>
