2875 4984
239 322 324 409 'ras
601 342 1012 410 sursror'nsurs

263 502 417 563 corbulus
428 500 526 564 licebit
534 502 683 564 instituere
695 504 899 580 pulcherrima,
910 503 989 561 humi
1001 498 1117 577 luctari,
1134 502 1352 579 quadrupedum

262 584 295 641 in
309 602 415 643 morem
429 591 513 656 stare,
528 587 675 659 unctieque
689 587 745 643 ritu
768 587 919 659 pancratio
942 583 1112 642 certantium
1124 590 1243 644 strenue
1255 584 1349 659 ierire,

265 664 408 739 fodicare,
423 666 505 723 simul
520 667 620 741 pugnis
634 673 663 723 et
676 684 757 740 pene.
799 665 870 723 Post
882 672 976 723 autem
990 664 1129 721 tertiadie
1140 683 1245 722 cursus
1259 677 1353 737 eques·

264 749 323 801 tres
335 746 499 815 instituatis,
515 748 563 803 ubi
576 748 734 819 singulatur
746 748 946 821 siugulatorem
956 750 1118 818 praesertet,
1133 762 1300 821 eunueqne
1311 766 1353 803 su·

262 840 316 898 pes
328 826 457 885 curribus
469 829 558 884 eversi
571 826 671 884 ssantes
683 835 713 885 et
736 830 874 900 spirantes
887 825 991 883 mutuis·
1006 826 1199 883 movebuntur
1212 829 1351 885 succussi-

263 908 317 962 bus
330 925 338 960 ε
359 908 407 965 alii
419 914 512 963 autern
522 906 662 981 jacebuut
675 910 789 966 recutiti
801 910 907 981 aurigre
915 906 988 980 lapsi
1002 905 1078 962 circa
1090 912 1205 963 metm.
1251 906 1320 979 seo,
1333 906 1352 962 ὂ

263 982 415 1061 Prytaues,
424 987 546 1061 accipite
558 986 722 1046 'l'beoriom
747 987 834 1061 liene,
844 1006 927 1062 quam
935 987 1068 1044 lubenter
1078 988 1216 1045 adsumsit
1223 1004 1294 1045 eam
1306 988 1356 1044 iste

264 1063 420 1141 Prytanis!
441 1074 472 1125 at
485 1086 542 1125 non
560 1067 679 1142 iaceres,
694 1070 718 1126 si
731 1070 801 1142 quid
809 1068 908 1144 gratiis
916 1067 1150 1126 introducendum
1164 1069 1202 1125 ad
1215 1067 1353 1125 Senatum

262 1145 365 1203 inisset
380 1148 441 1245 tibi,
457 1150 506 1207 sod
519 1150 647 1206 vidissem
661 1156 692 1207 te
703 1150 926 1224 praetendentem
947 1149 1125 1207 vacationem
1138 1148 1290 1223 simulque
1300 1166 1357 1205 ma·

266 1229 725 1367 nugligcllgwggaemsilengguibns
739 1311 811 1369 bene
823 1316 949 1368 meretur
962 1308 1031 1366 ciris
1044 1308 1139 1365 simiis
1154 1307 1209 1367 tui.

306 1384 432 1446 TRYG.
454 1388 551 1457 Quum
566 1390 786 1466 vindemiabitis,
800 1395 894 1449 molto
906 1390 995 1465 magis
1008 1388 1101 1446 scietis
1112 1391 1208 1460 qualia
1218 1390 1289 1446 sium

305 1464 432 1527 GHOR.
454 1468 541 1528 Nunc
554 1472 640 1528 etiam
652 1472 682 1529 id
691 1474 759 1530 satia
773 1479 806 1530 tu
820 1474 933 1546 quidem
955 1470 1090 1528 ostendis.
1129 1468 1275 1528 serrator
1286 1468 1359 1527 cuim

265 1549 398 1606 omuibus
409 1549 570 1609 bominibus
583 1570 613 1609 es
626 1552 729 1611 iactus.

305 1626 435 1689 TRYG.
455 1630 532 1698 Quid
546 1650 615 1706 ergo
628 1632 714 1705 dices,
729 1650 817 1705 quum
830 1633 926 1689 ebibet
938 1632 1024 1689 musti
1036 1628 1198 1703 poculum?

307 1707 432 1769 CHOR·
455 1708 545 1769 lurmo
561 1714 716 1770 muudum
726 1714 795 1769 deos
807 1714 859 1771 tibi
873 1730 984 1785 semper
997 1714 1101 1786 primas
1115 1711 1288 1770 deseremus.

305 1786 434 1848 TRYG.
456 1788 572 1865 Optime
597 1794 670 1849 eninr
693 1795 731 1851 de
749 1794 832 1850 robis
853 1794 1025 1866 promeritus
1047 1792 1178 1848 rumille
1201 1810 1259 1865 ego
1279 1788 1363 1867 Try.

264 1886 341 1943 gaeua
364 1871 579 1944 Athmouensis,
594 1874 643 1943 qui
662 1874 828 1948 gravissimis
848 1875 979 1931 aerumnis
999 1873 1115 1930 liberari
1138 1874 1282 1945 plebeiam
1296 1877 1363 1928 tur.

264 1950 341 2023 bum,
354 1952 544 2025 populumque
552 1960 709 2028 agrestem:
730 1954 836 2027 quique
848 1953 1050 2031 hyperbolum
1063 1954 1193 2025 repressi.

309 2028 433 2090 citou.
457 2034 522 2107 Age
534 2051 614 2106 rero,
629 2034 695 2107 quid
706 2034 840 2109 deinceps
853 2036 937 2091 nobis
948 2033 1106 2092 iaciendum
1120 2031 1186 2090 est?

287 2108 434 2249 nimium·
455 2111 533 2181 Quid
553 2115 642 2192 eliud,
665 2115 722 2175 nisi
739 2116 813 2175 banc
834 2116 993 2174 dedicemus
1013 2112 1147 2171 adhibitis
1177 2111 1362 2187 leguminum

267 2210 286 2251 ο
318 2210 331 2248 a
1137 2215 1140 2220 ·

306 2269 430 2331 CHOll.
452 2271 586 2331 Ollisnei
607 2280 743 2349 uuquam
757 2278 905 2350 querulum
918 2272 1111 2333 Hermetem?

307 2350 434 2426 TRYG.
456 2354 534 2421 Quid
547 2373 616 2429 ergo
629 2355 764 2416 ridetur?
785 2358 905 2415 vultisne
914 2354 1046 2431 saginato
1059 2351 1157 2411 bore?

307 2431 428 2491 CHOR.
451 2432 542 2505 Bure,
554 2434 670 2507 inquis?
690 2454 879 2512 nequaquam,
892 2454 929 2494 ne
940 2434 1363 2514 suppetiasdaliquorsumcur.

267 2528 363 2573 rcreo
388 2517 490 2571 orteat.

308 2529 437 2653 TlipYG.
458 2590 538 2652 Num
551 2612 621 2672 ergo
631 2611 722 2671 porca
733 2594 833 2673 pingui
845 2602 876 2656 et
886 2594 1010 2673 magua?

306 2671 432 2734 cflott.
453 2672 584 2734 Minime.

308 2752 434 2815 TRYG.
456 2752 540 2813 Cur?

308 2833 432 2894 cflou.
454 2833 501 2895 Nc
512 2834 563 2893 liat
574 2836 695 2911 porcina
705 2836 864 2912 Tbccgenis
874 2836 1024 2912 spurcitia.

271 2941 275 2951 ·
306 2914 435 2976 TRYG.
456 2914 593 2983 Quanam
600 2935 669 2993 ergo
681 2919 763 2977 sodes
773 2934 811 2977 ex
822 2920 921 2978 ceteris
932 2918 1052 2977 victimis
1065 2915 1184 2977 censes?

311 2995 434 3055 CHOR.
456 2993 530 3055 Ore.

308 3075 436 3135 TRYG.
459 3074 546 3136 Ore?

310 3156 435 3215 citou.
458 3155 506 3215 Ita
519 3158 624 3215 hercle.

309 3235 440 3297 TRYG.
460 3236 513 3295 Sed
525 3243 567 3295 ert
579 3236 711 3297 Ionicum
724 3239 780 3297 boc
792 3233 975 3299 vocabulum.-

312 3315 436 3377 CHOR.
457 3316 503 3376 De
514 3319 665 3394 industria,
680 3325 726 3392 ut,
739 3322 764 3377 si
780 3320 968 3397 invectere
989 3319 1050 3395 quis
1060 3317 1166 3377 dixerit
1178 3315 1286 3375 bellum
1299 3336 1367 3379 esec

266 3400 436 3539 gerTetlrglffi,
448 3404 510 3536 tam
523 3401 570 3535 {lui
581 3400 638 3535 itlilic
651 3402 798 3537 εοέεῂιιιιῐ,
812 3420 871 3477 prae
884 3408 962 3460 metu
972 3400 1071 3460 meant
1084 3400 1196 3474 Iouice,
1209 3396 1308 3459 Ovoe!

431 3522 438 3537 .
490 3498 522 3537 ec
536 3498 551 3536 e
564 3498 582 3535 u
628 3499 662 3537 no
693 3499 754 3538 rcus.

310 3558 434 3622 CHOR.
454 3556 493 3617 Et
505 3561 563 3617 siut
575 3497 670 3618 coiere
681 3562 778 3621 lenes:
801 3568 887 3636 atque
899 3563 940 3620 ita
952 3561 1000 3620 elii
1013 3580 1082 3637 erga
1093 3560 1165 3620 alios
1176 3558 1281 3618 erimus
1293 3560 1362 3618 ani.

273 3660 322 3703 mo
336 3642 451 3714 agnino,
464 3658 532 3714 erga
542 3639 635 3699 socios
648 3648 742 3700 autem
754 3644 846 3701 multo
858 3643 991 3701 mitiores.

311 3719 441 3781 TRYG.
463 3721 525 3796 Age
537 3739 606 3795 ergo
618 3722 707 3779 adduc
722 3740 808 3796 quam
820 3724 951 3782 citissime
964 3740 1045 3782 orem
1057 3742 1069 3781 r
1087 3740 1143 3797 ego
1154 3722 1264 3780 iotcrea
1276 3735 1362 3779 aram

269 3804 392 3881 parabo,
405 3801 436 3860 iu
448 3819 506 3874 qua
519 3800 744 3862 sacrificabimus.
853 3831 856 3840 ¹
907 3835 909 3838 ·

314 3880 438 3941 enom.
460 3880 506 3939 lin
519 3888 553 3939 ut
565 3883 659 3939 omnia
672 3900 736 3955 quoe
751 3882 833 3941 Deus.
849 3884 921 3957 rull,
933 3885 1108 3956 fortunaque
1119 3881 1269 3951 emundat,
1284 3897 1361 3955 pro·

271 3962 425 4100 {duuteux
439 3963 588 4039 sententia,
601 3964 714 4037 aliaque
736 3964 799 4023 aliis
818 3966 939 4025 istorum
962 3971 1132 4040 opportuno
1154 3970 1361 4038 temporesese

272 4058 291 4103 o
313 4048 418 4100 erunt.
607 4054 611 4061 ’
1105 4054 1112 4065 ·

248 4187 251 4192 ,
312 4112 441 4181 TRYG.
463 4120 528 4183 lloe
541 4124 640 4199 utique
652 4125 721 4185 autb
731 4130 873 4203 apparete
894 4143 960 4185 uem
973 4144 1035 4204 era,
1048 4141 1127 4203 esce,
1139 4121 1201 4201 iam
1211 4119 1286 4182 ioris
1296 4124 1355 4181 est.
